2517 4050
220 257 259 312 VI

219 398 423 480 παιδεύσεως
453 397 595 487 ἀειθαλῆ
622 398 778 486 γεννήσει
804 398 1001 487 ποιήματα),
1032 403 1137 468 ταῦτα
1160 403 1229 467 τοί-

219 531 284 571 νυν
304 502 488 584 δἩσίοδος
502 502 522 592 ἢ
538 504 613 586 όψει
632 503 774 592 ὀνείρων
788 505 989 592 τεθεαμένος
1002 505 1058 572 καὶ
1072 507 1229 572 διυπνισ-

218 609 292 689 θεὶς
313 612 369 678 καὶ
390 609 428 679 τὸ
460 616 650 697 ποιμαίνειν
678 609 774 697 ἀφεὶς
799 612 855 679 καὶ
881 610 998 689 πόνοις
1025 610 1147 678 ἑαυτὸν
1178 613 1228 678 ἐν

220 713 302 794 δούς
323 718 378 784 καί
401 716 575 803 μαθήμασι
597 714 659 802 τὴν
685 721 753 784 τῶν
777 715 920 803 ὀνείρων
944 720 1096 785 ἐπίλυσιν
1120 719 1250 798 ε’ξεπέ-ι

219 848 331 909 ρανεν,
354 818 374 908 ἢ
398 824 472 909 περὶ
495 821 556 890 τὸν
570 819 732 890 Ἑλικῶνα
751 830 939 910 ποιμαίνων
960 822 1151 910 ἐγρηγορὼς
1173 816 1250 888 καὶξ

219 925 346 1006 άύπνος
370 925 417 995 τόν
440 927 587 1006 σύννους
608 955 644 994 τε
661 927 746 1014 πρὸς
764 928 884 996 ἑαυτὸν
902 929 1049 1014 γεγονὼς
1070 928 1126 993 καὶ
1148 929 1227 1013 πρέ·
1250 962 1251 987 ι

219 1054 324 1100 ποντα
347 1038 432 1101 νοῦν
456 1033 601 1120 ἐσχηκὼς
619 1031 858 1119 ἀποδιδράσκει
880 1033 941 1120 μὲν
961 1032 998 1101 τδ
1023 1031 1152 1110 εὐτελὲς
1172 1034 1227 1101 καὶ
1250 1024 1251 1039 ³

219 1138 416 1224 ποιμενικὸν
434 1139 489 1206 καλ
509 1136 711 1225 σκληρόβιον
725 1140 780 1206 καὶ
794 1137 1016 1225 προςδραμών
1032 1141 1072 1226 τῇ
1090 1139 1226 1206 παιδεύ-
1251 1172 1252 1211 ι

220 1262 270 1310 σει
292 1244 348 1311 καὶ
375 1243 493 1324 πόνοις
522 1242 762 1331 ἐγκαρτερήσας
788 1230 1140 1331 μεγάληνκαρπούται
1162 1246 1252 1330 τήν

219 1347 388 1435 εύκλειαν,
414 1352 470 1418 καὶ
493 1356 632 1438 βίβλους
658 1349 821 1430 τοσαύτας
843 1348 1075 1435 ἐξεπονήσατο,
1097 1346 1138 1428 δὶς
1161 1350 1227 1436 έγώ
1252 1380 1254 1423 ι

219 1460 371 1523 Μουσῶν
394 1457 505 1522 τεκαὶ
533 1454 687 1541 γνώσεως
714 1457 886 1542 ἐπίσταμαι
908 1456 1066 1542 ψώμισμα
1088 1456 1144 1522 καὶ
1168 1455 1227 1523 δά-

219 1587 307 1646 φνας
338 1560 460 1640 λάλους
486 1559 750 1644 Ἐλικωνίτιδας,
788 1562 1001 1647 ἕλισσομένας
1033 1558 1228 1648 ἁπανταχοῦ
1253 1590 1255 1593 ·

186 1661 189 1666 ’
219 1666 273 1733 καλ
291 1666 484 1746 θαλλούσας
501 1666 556 1733 καί
580 1665 808 1752 κηρυττούσας
825 1666 886 1733 τδν
908 1667 987 1751 πρὶν
1011 1665 1072 1753 μὲν
1097 1667 1227 1754 οίκτρό-

218 1778 295 1859 βιον
326 1773 382 1839 καὶ
414 1770 526 1858 ἀφανῆ
559 1772 664 1858 νομέα
694 1777 877 1859 ποιμνίων,
911 1777 978 1839 νύν
1010 1772 1048 1840 δὲ
1079 1770 1228 1860 ἡμίθεον

219 1883 464 1964 χρηματίσαντα
489 1875 534 1944 δι’
560 1876 679 1964 ἀρετῆς
701 1879 756 1944 καὶ
783 1877 994 1957 παιδεύσεως.
1040 1876 1144 1965 ὥςπερ
1167 1881 1225 1946 καί

220 1981 237 2052 6
263 1989 510 2071 Σωφρονίσκου
534 1981 715 2072 Σωκράτης
741 1980 759 2051 6
788 1982 958 2072 λιθοξόος,
984 1985 1039 2053 καὶ
1065 1982 1082 2053 6
1108 1989 1223 2071 ίχθνο-

219 2088 330 2174 πύλης
357 2089 535 2177 Δημάδης,
562 2090 617 2157 καὶ
644 2085 663 2159 ό
691 2093 750 2176 τη”ς
771 2096 1030 2178 τυμπανιστρίας
1052 2096 1225 2178 Λίσχίνης,

219 2201 338 2282 Σίμων
360 2222 395 2263 τε
423 2193 440 2263 6
466 2195 617 2281 σκυτεύς,
640 2196 695 2263 καὶ
722 2192 741 2263 6
769 2196 932 2281 λαχανεδς
954 2194 1152 2284 Εύριπίδης,
1175 2204 1224 2266 ἔτι

217 2326 252 2368 τε
276 2298 294 2367 6
319 2301 458 2385 Σκύθης
478 2299 687 2387 Ἀνάχαρσις,
710 2301 764 2366 καὶ
787 2300 886 2387 άμφω
910 2302 955 2368 τω
981 2302 1090 2370 δούλω
1114 2312 1222 2370 Αίσω-

218 2431 279 2485 πος
306 2406 360 2473 καὶ
381 2404 582 2491 Ἐπίκτητος,
605 2406 660 2471 καὶ
684 2401 701 2472 6
726 2403 840 2491 Σύρος
862 2404 971 2492 ῥήτωρ
994 2402 1013 2475 6
1033 2410 1224 2488 Λουκιανὸς

218 2509 237 2579 6
264 2508 420 2591 λιθοξόος
446 2537 480 2578 τε
507 2511 562 2577 καὶ
588 2508 785 2595 ήμίδουλος,
812 2510 868 2577 καὶ
894 2513 929 2577 οἱ
950 2518 1074 2600 λοιποί,
1102 2512 1224 2601 (ὥςπερ

217 2617 272 2685 καὶ
291 2614 368 2703 παρ’
393 2612 473 2701 ἡμῖν
493 2612 510 2682 6
531 2613 778 2701 χρυσογνείμων
802 2617 927 2695 ἐκεῖνος
953 2620 1145 2705 Σωτήριχος
1166 2622 1220 2687 καί

218 2721 236 2791 6
265 2726 330 2790 νύν
348 2720 473 2806 περιὼν
500 2724 558 2806 τῆς
580 2719 797 2807 Νικομήδους
819 2722 1018 2809 οίνοπράτης
1040 2723 1220 2812 ἀρχιερεύς,

7 2820 8 2841 ’
116 2876 118 2881 ,
218 2825 255 2907 δς
274 2826 353 2896 ούδδ
370 2830 435 2894 νῦν
455 2828 562 2894 ἐθέλει
581 2830 642 2894 τού
663 2830 831 2906 πιθεῶνος
850 2830 1050 2916 ἐξίστασθαι,
1073 2830 1147 2900 ἀλλ’
1172 2838 1218 2901 ἔτι

217 2935 278 3002 τδν
315 2930 410 3003 οἶνον
446 2931 577 3020 μιγνύει
613 2932 669 2999 καὶ
705 2933 900 3019 μεταβάλλει
932 2937 1010 3016 τούς
1037 2936 1220 3027 ἀμφορεῖς).

218 3040 463 3126 συνηκμακέναι
492 3036 524 3105 δ’
556 3035 660 3106 αύτδν
689 3041 724 3106 oc
748 3039 811 3125 μέν
835 3038 964 3130 Ὁμήρῳ
988 3049 1105 3129 φασίν,
1128 3048 1163 3111 oc
1182 3046 1221 3113 δὲ

217 3148 272 3214 καὶ
292 3144 437 3233 Ὁμήρου
463 3146 722 3232 προγενέστερον
745 3144 832 3213 εἶναι
856 3149 1121 3234 διισχυρίζονται.
1164 3152 1219 3218 καὶ

218 3256 254 3320 οί
283 3252 344 3339 μὲν
371 3252 631 3339 προγενέστερον
659 3248 746 3319 εἶναι
769 3249 912 3338 Ὁμήρου
944 3253 1217 3341 διισχυριζόμενοι

217 3360 255 3426 έν
286 3355 403 3445 άρχαῖς
432 3355 522 3426 εἷναί
549 3376 632 3443 φασι
661 3361 718 3444 της
738 3355 917 3444 Ἀρχίππου
941 3356 1055 3445 ἀρχῆς,
1073 3358 1218 3449 Ὅμηρον

218 3463 256 3532 δὲ
275 3466 311 3531 έν
334 3468 380 3556 τῷ
398 3465 495 3532 τέλει·
520 3460 537 3531 6
558 3461 589 3529 6'
601 3461 783 3551 ’Ἁρχιππος
801 3454 898 3543 οὗτος
910 3463 985 3542 υίὸς
998 3457 1040 3551 ἦν
1054 3463 1218 3556 Ἀκάστου,
