2517 4050
431 258 628 310 ΘΕΟΓΟΝΙΑ.
992 259 1030 320 11

23 389 84 458 τὸν
109 388 171 475 μέν
195 389 249 476 ἀρ’
276 390 440 478 ἐξενάριξε
462 398 519 478 βίη
538 390 737 479 Ἡρακληείη

24 497 147 582 βουσὶν
172 494 223 563 ἐπ’
248 495 451 564 εἰλιπόδεσσι
474 497 660 588 περιρρύτῳ
684 501 735 564 είν
755 494 929 583 Ἐρυθείη,
984 516 1035 564 290

25 600 127 687 ήματι
150 605 196 692 τῷ
220 600 276 669 ότε
298 589 358 688 περ
382 605 464 688 βοῦς
486 601 610 689 ήλασεν
634 598 887 689 εὐρυμετώπους

30 704 176 795 Τίρυνθ’
202 710 249 785 εἰς
273 706 383 793 ίερήν,
407 706 525 792 διαβάς
546 707 654 796 πόρου
674 705 860 792 Ὠκεανοῖο,
935 720 936 723 ’

25 812 158 900 ’Όρθον
180 838 216 880 τε
238 818 369 891 κτείνας
391 813 447 880 καὶ
469 812 637 898 βουκόλου
660 810 860 900 Εὐρυτίωνα

28 921 168 1008 σταθμῷ
192 919 229 984 ἐν
252 915 404 1005 ἠερόεντι
427 919 531 1004 πέρην
554 921 678 985 κλυτοῦ
698 913 878 985 Ὠκεανοῖο.

111 1021 157 1090 Ἡ
168 1021 199 1089 δ’
213 1021 289 1090 ἔτεκ’
302 1021 383 1090 ἀλλο
394 1025 556 1108 πέλωρον,
566 1019 750 1107 ἀμήχανον,
766 1020 845 1115 οὐδὲ
855 1019 963 1102 ἐοικὸς
986 1039 1037 1090 295

29 1137 171 1214 θνητοῖς
193 1125 390 1215 ἀνθρώποις
413 1125 486 1195 οὐδ’
512 1125 716 1194 ἀθανάτοισι
737 1136 865 1212 θεοῖσι,

30 1237 111 1319 σπῆι
133 1237 184 1299 ἔνι
207 1236 383 1323 γλαφυρῷ,
405 1236 506 1318 θείην
528 1228 772 1319 κρατερόφρον’
788 1229 967 1318 Ἔχιδναν,

29 1336 134 1424 ήμισυ
157 1337 218 1423 μὲν
241 1335 380 1423 νύμφην
405 1334 599 1420 ἑλικώπιδα,
621 1334 866 1422 καλλιπάρηου,

30 1441 134 1528 ήμισυ
158 1439 189 1508 δ’
216 1433 294 1509 αὖτε
316 1443 468 1528 πέλωρον
493 1438 590 1525 όφιν,
613 1438 729 1506 δεινόν
752 1466 788 1507 τε
810 1441 915 1525 μέγαν
937 1468 988 1526 τε,

15 1547 163 1630 Ι[αίόλον
188 1543 359 1633 ιόμηστήυ,
384 1548 504 1630 ζαθέης
526 1542 591 1612 ὑπὸ
613 1542 751 1612 κεύθεσι
774 1550 879 1630 γαίης.
986 1565 1039 1616 300

32 1658 117 1720 ἔνθα
142 1653 182 1718 δέ
203 1655 237 1718 οί
258 1653 356 1730 σπέος
380 1651 449 1718 ἐστι
470 1649 557 1717 κάτω
580 1655 677 1737 κοίλη
700 1647 764 1717 ύπδ
788 1651 889 1737 πέτρη

33 1861 107 1929 ἕνθ’
133 1861 199 1950 ἀρα
223 1864 259 1928 οί
279 1860 447 1929 δάσσαντο
469 1862 546 1928 θεοὶ
569 1859 671 1928 κλυτά
697 1860 832 1947 δώματα
854 1865 985 1944 ναίειν]

32 1967 52 2054 η
76 1965 109 2035 δ’
137 1964 224 2055 ἔρυτ’
251 1971 301 2035 είν
321 1964 506 2055 Ἀρίμοισιν
528 1963 593 2035 ὑπὸ
617 1965 729 2053 χθόνα
750 1964 856 2053 λυγρὴ
879 1964 1036 2052 Ἔχιδνα,

32 2072 204 2153 ἀθάνατος
226 2072 342 2159 νύμφη
365 2074 421 2139 καὶ
444 2071 590 2159 ἀγήραος
611 2071 720 2157 ήματα
743 2071 860 2138 πάντα.
986 2090 1038 2139 305

126 2183 173 2266 Τῇ
197 2178 234 2245 δέ
260 2175 421 2265 Τυφάονά
445 2196 528 2263 φασι
552 2175 731 2262 μιγήμεναι
755 2178 791 2243 ἐν
815 2174 983 2261 φιλότητι,

34 2284 150 2353 δεινόν
174 2280 211 2350 θ’
237 2281 399 2369 ὑβριστήν
421 2279 451 2351 τ’
477 2281 604 2368 ἀνεμον
628 2278 800 2348 ἑλικώπιδι
821 2278 940 2368 κούρη·

32 2390 52 2477 ή
78 2389 110 2458 δ’
136 2386 372 2475 ὑποκυσαμένη
395 2389 504 2455 τέκετο
527 2385 781 2474 κρατερόφρονα
803 2389 909 2454 τέκνα.

23 2498 155 2584 ’Όρθον
178 2494 240 2582 μὲν
263 2497 395 2581 πρῶτον
418 2492 503 2559 κύνα
526 2497 660 2577 γείνατο
683 2495 868 2577 Γηρυονῆι·

36 2602 195 2687 δεύτερον
218 2591 311 2677 αὖτις
334 2603 457 2665 έτικτεν
480 2590 665 2682 ἀμήχανον,
689 2594 762 2663 ούτι
786 2594 923 2682 φατειὸν
989 2614 1041 2665 310

36 2711 219 2795 Κέρβερον,
244 2702 409 2790 ὠμηστήν,
430 2700 545 2769 Ἀΐδεω
567 2699 654 2767 κύνα
677 2699 925 2785 χαλκεόφωνον,

35 2811 402 2897 πεντηκοντακέφαλον,
425 2805 564 2874 ἀναιδέα
587 2832 621 2872 τε
644 2803 805 2892 κρατερόν
827 2825 878 2871 τε·

36 2918 73 2986 τὸ
97 2922 211 3005 τρίτον
225 2914 352 3001 Ὕδρην
376 2904 468 2992 αὖτις
491 2914 651 2998 ἐγείνατο,
674 2906 782 2994 λυγρά
805 2913 919 2977 ίδυῖαν
1036 2927 1040 2933 “

37 3027 218 3110 Λερναίην,
240 3017 283 3106 ἣν
306 3020 414 3105 θρέψε
435 3015 500 3085 θεά
524 3013 727 3093 λευκώλενος
740 3012 836 3100 Ἥρη,

37 3128 185 3213 ἀπλητον
207 3126 368 3192 κοτέουσα
391 3128 447 3210 βίη
466 3119 673 3207 Ἡρακληείη.
991 3133 1044 3183 315

37 3234 91 3299 καὶ
114 3230 176 3317 τήν
199 3229 260 3316 μέν
285 3226 370 3307 Διὸς
392 3224 466 3305 υίός
489 3224 629 3312 ἐνήρατο
654 3225 749 3309 νηλέι
770 3225 877 3312 χαλκῷ

36 3333 346 3424 Ἀμφιτρυωνιάδης
370 3330 433 3399 σὺν
456 3329 622 3420 ἀρηιφίλῳ
642 3327 758 3417 Ἰολάῳ

41 3444 214 3529 Ηρακλέης
236 3442 399 3526 βουλῇσιν
419 3434 599 3522 Ἀθηναίης
622 3433 781 3519 ἀγελείης.
