2517 4050
191 292 233 356 64
612 290 781 342 mom

192 425 319 494 Αῦτίκα
342 425 405 512 γάρ
428 425 533 512 τρέχει
549 423 668 511 Ὅρκος
690 422 758 511 άμα
782 427 965 512 σκολιῇσι
984 426 1103 512 δίκησ
1112 451 1165 492 ιν.

193 535 266 617 [τῆς
284 531 321 598 δὲ
341 536 464 616 Δίκης
483 528 590 617 ῥόθος
609 531 787 616 ἑλκομένης
800 520 822 617 ᾖ
835 527 861 595 κ’
877 528 999 615 ἀνδρες
1012 527 1121 614 ἄγωσι
1146 549 1210 596 220
1240 588 1242 651 4

193 635 399 724 δωροφάγοι,
423 639 586 724 σκολιῇς
609 639 630 702 δ
636 634 652 703 ὲ
674 637 696 701 δ
702 640 788 722 ἰκης
809 640 950 721 κρίνωσι
971 637 1160 721 θέμιστας]
1241 656 1242 669 ’

192 738 213 828 η’
238 739 270 808 δ’
296 744 406 809 ἕπεται
428 747 590 809 κλαίουσα
612 739 712 808 πόλιν
734 741 790 808 καί
812 739 900 827 ἤθεα
922 745 1025 826 λαῶν,

192 846 273 935 ἠέρα
297 847 472 932 ἑσσαμένη,
494 844 598 913 κακὸν
620 843 833 930 ἀνθρώποισι
855 845 1016 932 φέρουσα,

193 955 260 1019 οἵτε
284 977 342 1037 μιν
366 950 543 1031 ἐξελάσωσι
564 951 620 1017 καὶ
645 949 705 1018 οῦκ
728 955 841 1018 ἰθεῖαν
865 955 1009 1036 ἔνειμαν.

282 1131 326 1193 Οἳ
338 1125 376 1194 δὲ
390 1128 502 1204 δίκας
515 1127 654 1206 ξείνοισι
667 1125 723 1192 καί
738 1123 913 1211 ἐνδήμοισι
929 1127 1085 1191 διδοῦσιν
1147 1144 1205 1193 225

193 1236 301 1310 ἰθείας
322 1232 378 1298 καί
401 1229 446 1318 μή
469 1257 500 1297 τι
524 1235 784 1316 παρεκβαίνουσι
808 1234 952 1315 δικαίου,

192 1351 278 1405 τοῖσι
302 1339 422 1423 τέθηλε
445 1335 551 1420 πόλις,
575 1337 650 1403 λαοί
674 1333 705 1402 δ’
730 1335 896 1404 ἀνθεῦσιν
921 1337 956 1403 έν
980 1333 1077 1422 αὐτῇ

192 1440 308 1528 εἰρήνη
333 1437 363 1507 δ’
390 1438 454 1509 άνά
477 1444 541 1526 μῦν
564 1440 804 1528 κουροτρόφος,
829 1437 999 1509 οὐδέποτ’
1025 1438 1141 1520 αύτολς

192 1545 357 1633 ἀργαλέον
380 1545 527 1631 πόλεμον
549 1550 754 1632 τεκμαίρεται
778 1544 926 1634 εὐρύοπα
949 1544 1045 1624 Ζεύς·
1249 1624 1250 1629 ¹

193 1649 366 1740 οὐδέποτ’
393 1653 566 1737 ἰθυδίκησι
589 1648 654 1736 μετ’
680 1649 824 1736 ἀνδράσι
846 1649 942 1737 λιμός
964 1649 1093 1737 ὀπηδεῖ,
1144 1671 1200 1720 230
1249 1640 1250 1649 ἰ

194 1754 268 1824 οὐδ’
294 1755 367 1841 ἀτη,
392 1762 514 1844 θαλίης
537 1755 574 1823 δὲ
596 1754 764 1842 μεμηλότα
787 1761 867 1843 ἔργα
889 1757 1055 1842 νέμονται.

193 1875 279 1930 τοῖσι
299 1864 391 1948 φέρει
411 1860 472 1948 μὲν
490 1875 569 1947 μαῖα
586 1859 694 1929 πολὺν
712 1867 800 1948 βίον,
820 1859 933 1948 οῦρεσι
953 1861 990 1929 δὲ
1008 1865 1092 1947 δρῦς

192 1965 275 2054 ἀκρη
300 1969 360 2053 μέν
384 1993 419 2036 τε
438 1970 531 2054 φέρει
553 1966 732 2055 βαλάνους,
756 1969 860 2054 μέσση
884 1967 922 2035 δὲ
944 1974 1112 2054 μελίσσας·

193 2072 362 2160 εἰροπόκοι
387 2072 418 2140 δ’
445 2072 512 2153 ὄϊες
535 2081 673 2161 μαλλοῖς
694 2078 971 2160 καταβεβρίθασι·

192 2185 362 2248 τίκτουσιν
387 2178 424 2247 δὲ
445 2194 601 2265 γυναῖκες
618 2176 749 2247 ἐοικότα
770 2180 869 2246 τέκνα
890 2183 1035 2247 τοκεῦσι·
1143 2199 1199 2248 235

192 2284 381 2353 θάλλουσιν
405 2282 438 2351 δ’
464 2284 624 2371 ἀγαθοῖσι
649 2285 837 2370 διαμπερές·
860 2283 934 2352 οὐδ’
961 2286 1012 2353 έπί
1035 2289 1127 2372 νηῦν

193 2396 376 2474 νίσσονται,
399 2388 529 2474 καρπόν
553 2389 590 2457 δὲ
613 2391 707 2475 φέρει
731 2392 885 2474 ζείδωρος
907 2388 1044 2478 ἀρουρα.
1086 2378 1090 2383 ’

196 2594 255 2679 Οἷς
279 2596 310 2665 δ’
336 2595 433 2683 ῦβρις
456 2624 491 2667 τε
514 2599 637 2685 μέμηλε
659 2596 758 2685 κακὴ
785 2599 840 2666 καὶ
863 2602 994 2686 σχέτλια
1016 2606 1106 2687 ἔργα,

193 2718 262 2783 τοῖς
286 2702 323 2771 δὲ
347 2706 463 2789 δίκην
486 2708 658 2791 Κρονίδης
679 2709 886 2789 τεκμαίρεται
908 2702 1056 2788 εύρύοπα
1079 2703 1173 2784 Ζεύς.

194 2875 945 2965 Πολλάκικαίξύμπασαπόλιςκακοῦάνδρὸς
962 2876 1104 2967 ἀπηύρα,
1140 2898 1197 2948 240

195 2984 282 3064 ῦςτις
304 2983 485 3073 ἀλιτραίνει
507 2984 562 3050 καὶ
585 2981 758 3050 ἀτάσθαλα
780 2982 996 3070 μηχανάαται.

199 3167 315 3228 Τοίσιν
339 3156 370 3225 δ’
397 3155 586 3241 οὐρανόθεν
610 3159 677 3241 μέγ’
703 3156 844 3243 ἐπήγαγε
866 3161 957 3244 πῆμα
980 3163 1149 3245 Κρονίων,

194 3262 293 3351 λιμὸν
318 3261 403 3350 ὁμοῦ
428 3262 483 3329 καί
506 3260 638 3349 λοιμόν·
662 3259 942 3348 ἀποφθινύθουσι
965 3262 1003 3330 δὲ
1025 3269 1110 3333 λαοί.

196 3365 291 3451 [οῦδὲ
315 3381 469 3453 γυναῖκες
491 3372 673 3435 τίκτουσιν·
696 3367 881 3453 μινύθουσι
905 3367 942 3435 δὲ
965 3366 1060 3455 οἰκοι,

196 3470 305 3558 Ζηνὸς
323 3472 601 3563 φραδμοσύνησιν
616 3471 807 3559 Ὀλυμπίου·
826 3471 942 3541 άλλοτε
961 3472 992 3541 δ’
1013 3467 1105 3560 αῦτε]
1140 3493 1195 3544 245
