2517 4050
419 270 617 326 ΘΕΟΓΟΝΙΑ.

2 397 94 473 οἵτ’
122 408 157 474 ἐκ
179 409 248 473 τῶν
272 406 426 490 ἐγένοντο
450 408 537 488 θεοί,
561 406 706 490 δωτῆρες
729 403 832 488 έάων,

1 509 59 590 ὥς
81 509 106 579 τ’
133 509 262 597 άφενον
286 509 454 577 δάσσαντο
476 509 532 575 καὶ
556 506 600 588 ὡς
621 506 718 595 τιμάς
741 511 904 594 διέλοντο,

15 615 72 683 ’δὲ
95 617 151 683 καὶ
175 613 220 695 ὡς
241 618 395 702 ταπρῶτα
418 612 629 699 πολύπτυχον
653 619 751 699 ἔσχον
764 612 946 700 Ὄλυμπον.

1 719 116 789 ταύτά
140 747 197 808 μοι
221 727 334 790 ἔσπετε
355 723 494 787 Μοῦσαι
514 716 674 805 Ὀλύμπια
698 716 817 805 δώματ’
843 723 979 804 ἔχουσαι

4 827 44 906 ἐξ
69 824 187 912 ἀρχῆς,
209 827 265 894 καὶ
288 821 395 893 εἴπαθ’
422 821 442 891 ό
463 850 495 892 τι
517 827 651 910 πρῶτον
674 821 775 908 γένετ’
802 821 921 890 αὐτῶν.
973 840 1023 889 115

92 927 192 997 Ἤτοι
214 931 277 1017 μὲν
299 927 467 1018 πρώτιστα
490 927 580 1007 Χάος
603 927 718 1013 γένετ’,
741 925 848 1013 αὐτὰρ
872 933 981 996 ἔπειτα

4 1032 85 1102 Γαῖ’
113 1032 340 1122 εὐρύστερνος,
363 1033 498 1101 πάντων
523 1035 598 1113 ἕδος
620 1031 767 1120 ἀσφαλὲς
789 1036 855 1100 αἰεὶ
1015 1036 1018 1039 “

5 1137 207 1224 ἀθανάτων,
231 1144 267 1206 οἳ
288 1143 400 1226 ἔχουσι
421 1137 506 1226 κάρη
529 1137 708 1224 νιφόεντος
727 1136 905 1225 Ὀλύμπου,

11 1242 170 1331 Τάρταρά
193 1242 218 1312 τ’
243 1242 403 1330 ἠερόεντα
426 1247 519 1332 μυχῷ
543 1241 670 1328 χθονός
692 1241 895 1329 εὐρυοδείης,

6 1346 63 1434 ἠδ’
79 1346 193 1434 Ἔρος,
216 1343 254 1426 ὃς
275 1345 449 1427 κάλλιστος
472 1348 509 1415 έν
532 1342 735 1413 ἀθανάτοισι
758 1355 880 1431 θεοῖσι,
972 1367 1023 1415 120

7 1450 202 1538 λυσιμελής,
225 1451 361 1519 πάντων
383 1477 418 1518 τε
441 1454 533 1518 θεων
556 1449 692 1519 πάντων
713 1447 740 1519 τ’
764 1449 957 1537 ἀνθρώπων
992 1487 998 1496 ·

9 1557 180 1645 δάμναται
204 1559 240 1625 έν
264 1555 424 1643 στήθεσσι
447 1555 532 1625 νόον
554 1557 609 1624 καὶ
633 1558 798 1643 ε’πίφρονα
820 1557 958 1644 βουλήν.

9 1667 47 1730 ἐκ
70 1661 179 1742 Χάεος
203 1660 232 1728 δ’
247 1660 389 1748 Ἔρεβός
410 1687 446 1728 τε
469 1659 608 1748 μέλαινά
631 1687 666 1729 τε
690 1659 765 1742 Νύξ
788 1661 961 1746 ε’γένοντο0

9 1765 147 1846 Νυκτὸς
170 1764 201 1833 δ’
228 1757 296 1833 αὖτ’
322 1765 433 1852 Αἰθήρ
455 1793 490 1834 τε
513 1768 568 1834 καὶ
586 1764 710 1854 Ἡμέρη
735 1768 937 1852 ἐξεγένοντο,

10 1871 71 1952 ούς
93 1874 166 1940 τέκε
189 1872 370 1956 κυσαμένη,
391 1869 516 1956 Ἐρέβει
540 1873 693 1958 φιλότητι
716 1887 856 1958 μιγεῖσα.
971 1890 1022 1940 125

10 1987 97 2049 Γαῖα
121 1979 162 2047 δέ
181 2003 234 2046 τοι
256 1979 388 2063 πρῶτον
411 1975 472 2064 μὲν
496 1979 644 2063 ἐγείνατο
669 1974 744 2045 ἴσον
768 1979 867 2067 ἑαυτῇ

12 2082 172 2171 Οὐρανὸν
196 2079 400 2168 ἀστερόενθ’,
422 2084 481 2148 ἵνα
503 2108 561 2168 μιν
585 2082 661 2167 περὶ
683 2080 791 2149 πάντα
813 2081 986 2168 καλύπτοι,

11 2189 87 2277 ὄφρ’
114 2198 165 2275 είη
189 2186 371 2275 μακάρεσσι
394 2195 489 2265 θεοῖς
513 2189 587 2264 ἕδος
610 2184 757 2272 ἀσφαλές
779 2191 857 2254 αίεί·

11 2300 146 2383 γείνατο
171 2290 200 2359 δ’
226 2289 337 2378 Ούρεα
359 2290 477 2378 μακρά,
499 2295 591 2359 θεῶν
614 2297 787 2377 χαρίεντας
810 2290 983 2378 ἐναύλους,

13 2402 198 2487 Νυμφέων,
221 2403 260 2465 αἲ
278 2402 436 2465 ναίουσιν
459 2394 509 2464 ἀν’
536 2396 637 2484 ούρεα
659 2396 856 2484 βησσήεντα.
974 2418 1025 2468 130

13 2504 33 2591 ἢ
59 2504 174 2573 δὲκαὶ
197 2501 379 2589 άτρύγετον
402 2504 542 2588 πέλαγος
564 2506 669 2588 τέκεν,
694 2508 826 2591 οἴδματι
848 2509 950 2591 θύον,

14 2609 162 2693 Πόντον,
185 2606 261 2693 άτερ
285 2606 462 2693 φιλότητος
485 2609 661 2694 ἐφιμέρου·
685 2607 789 2695 αὐτὰρ
814 2614 924 2677 ἔπειτα

16 2714 159 2805 Οὐρανῷ
183 2711 364 2798 εὐνηθεῖσα
386 2711 448 2780 τέκ’
471 2711 638 2781 Ὠκεανὸν
660 2718 865 2801 βαθυδίνην,

15 2817 123 2887 Κοῖόν
145 2843 180 2885 τε
203 2815 312 2904 Κρῖόν
335 2814 381 2900 θ’,
399 2814 575 2903 Ὑπερίονά
596 2815 622 2886 τ’
646 2815 794 2886 Ἰαπετόν
816 2844 862 2903 τε,

16 2929 117 2992 Θείαν
139 2948 174 2989 τε
191 2917 300 2989 Ῥείαν
322 2947 367 3008 τε,
390 2923 492 3009 Θέμιν
515 2948 550 2990 τε
572 2923 809 3010 Μνημοσύνην
832 2951 877 3010 τε,
975 2944 1024 2993 135

19 3035 148 3115 Φοίβην
170 3052 205 3094 τε
227 3027 501 3113 χρυσοστέφανον
528 3026 647 3114 Τηθύν
668 3026 694 3095 τ’
719 3029 901 3116 ἐρατεινήν.

16 3132 92 3213 τούς
115 3133 153 3201 δὲ
176 3131 248 3219 μέθ’
275 3130 455 3210 ὁπλότατος
478 3134 591 3217 γένετο
615 3133 749 3219 Κρόνος
772 3131 1011 3221 ἀγκυλομήτης,

17 3238 206 3317 δεινότατος
227 3242 372 3304 παίδων·
396 3235 543 3323 θαλερὸν
568 3235 596 3303 δ’
621 3236 750 3325 ἤχθηρε
771 3243 883 3326 τοκῆα.

17 3351 146 3429 γείνατο
171 3339 200 3408 δ’
226 3335 269 3410 αὖ
292 3342 478 3421 Κύκλωπας
500 3340 662 3429 ὑπέρβιον
685 3335 766 3431 ἦτορ
791 3350 936 3430 ἔχοντας,

17 3450 169 3535 Βρόντην
184 3474 219 3516 τε
234 3447 409 3535 Στερόπην
423 3474 459 3516 τε
472 3448 660 3535 μαλ”Αργην
674 3447 921 3536 ὀβριμόθυμον,
974 3465 1025 3518 140
