2517 4050
242 225 308 280 VIII

241 364 398 452 ἐστήσατο
422 366 545 454 λόγων,
567 369 623 436 καὶ
646 367 728 436 κατὰ
750 367 879 436 τούτων
904 363 948 436 δν
969 367 1009 436 τδι
1027 378 1174 455 πρωτεῖα
1190 369 1255 435 καί

239 469 316 550 τοὺς
341 461 527 559 στεφάνους
556 472 727 560 ἠνέγκατο.
771 472 844 542 ἀλλ’
870 482 950 553 ἴσως
974 471 991 540 ὁ
1016 476 1124 559 ἕτερος
1143 471 1242 560 Ὅμη-

240 602 298 661 ρος
316 569 359 662 ἦν
379 575 396 644 ὁ
419 582 465 670 τῷ
484 575 629 670 Ἡσιόδῳ
655 578 831 667 ίσόχρονος
848 576 867 648 ό
886 583 947 647 τοῦ
965 578 1146 666 Εὔφρονος
1168 595 1243 658 παῖς

239 679 258 749 ό
286 681 418 762 Φωκεὺς
446 680 463 751 ό
486 685 542 751 καὶ
568 684 675 775 τούτῳ
698 683 759 770 τὴν
784 690 855 770 ἔριν
878 683 1096 771 στησάμενος,
1119 681 1184 752 κάν
1204 683 1241 752 τά

240 793 299 874 ἔπη
323 793 383 857 τοῦ
400 795 501 857 θείου
524 793 655 858 ἐκείνου
677 788 802 875 άνδρὸς
823 795 863 878 τῇ
888 788 1063 879 ὁμωνυμίᾳ
1081 797 1242 875 πεπλανη-

239 896 334 981 μένοι
352 895 461 981 λέγειν
479 901 577 964 τοῦτο
596 896 790 964 έπλάσαντο.
814 893 955 982 ’Όμηροι
972 894 1035 981 γάρ
1055 897 1173 964 πολλοὶ
1192 923 1242 982 γε-

238 1000 379 1087 γόνασιν
409 1003 514 1089 ἕτεροι
542 1000 625 1092 ζήλῳ
655 1006 716 1070 τοῦ
745 1005 888 1070 παλαιοῦ
919 999 981 1087 τὴν
1012 1006 1131 1088 κλῆσιν
1162 1010 1242 1088 λαμ-

237 1105 411 1198 βάνοντες·
451 1108 506 1174 καὶ
533 1106 596 1194 γάρ
633 1109 688 1175 καὶ
709 1111 771 1175 τοῦ
797 1109 937 1186 Φωκέως
953 1104 1099 1193 Ὁμήρου
1120 1106 1243 1176 τούτου

240 1214 349 1299 ἕτερος
370 1211 510 1301 ὑπάρχει
537 1213 697 1298 νεώτερος
717 1213 869 1302 Ὅμηρος.
921 1204 1018 1292 οὗτος
1040 1210 1057 1280 ὁ
1081 1212 1243 1300 νεώτερος

229 1315 373 1406 Ὅμηρος
401 1312 444 1405 ἦν
474 1332 550 1399 παίς
577 1319 806 1407 Ἀνδρομάχου
833 1322 879 1412 τῷ
908 1320 997 1405 γένει
1019 1318 1201 1399 Βυζάντιος
1223 1318 1241 1388 ό

237 1423 298 1511 τὴν
326 1424 560 1512 Εὐρυπάλειαν
590 1424 739 1512 ποιήσας.
784 1426 843 1493 τὸν
870 1423 1013 1492 παλαιὸν
1042 1423 1079 1492 δὲ
1092 1422 1241 1511 Ὅμηρον

239 1529 422 1608 Διονύσιος
442 1529 460 1597 ό
478 1530 711 1617 κυκλογράφος
728 1531 832 1616 φησὶν
852 1528 901 1597 ἐπ’
921 1528 1119 1616 ἀμφοτέρων
1138 1527 1242 1617 ὑπάρ-

238 1661 309 1722 χειν
326 1639 394 1703 τῶν
413 1640 589 1722 Θηβαϊκῶν
609 1640 788 1722 στρατειῶν
806 1635 861 1702 καὶ
882 1636 940 1720 της
956 1633 1058 1701 Ἰλίου
1079 1632 1241 1716 ἁλώσεως.

238 1743 274 1808 ἐκ
295 1741 418 1809 τούτου
441 1734 504 1809 οὖν
535 1747 705 1828 λογίζομαι
735 1746 855 1808 τοῦτον
886 1744 948 1809 τοῦ
970 1738 1131 1809 Ἡσιόδου
1154 1741 1242 1810 εἶναι

236 1853 457 1934 τετρακοσίων
481 1851 565 1916 ἐτεόν
591 1844 860 1933 προγενέστερον.
890 1844 1113 1931 Ἀριστοτέλης
1134 1846 1198 1934 γδιρ
1223 1847 1241 1916 ὁ

237 1953 431 2040 φιλόσοφος,
449 1957 577 2042 μᾶλλον
596 1953 635 2020 δὲ
654 1950 745 2040 οἶμαι
765 1949 782 2020 ὁ
805 1950 883 2031 τοὺς
900 1953 1045 2032 πέπλους
1067 1953 1242 2040 συντάξας,

237 2062 273 2127 ἐν
296 2063 335 2147 τῇ
357 2057 577 2146 Ὀρχομενίων
596 2064 745 2148 πολιτείᾳ
759 2064 968 2144 Στησίχορον
981 2057 1042 2125 τὸν
1060 2058 1242 2145 μελοποιὸν

237 2163 328 2232 είναί
343 2184 446 2251 φησιν
464 2162 714 2234 υίδνἩσιόδου
735 2168 771 2233 ἐκ
794 2169 852 2250 της
875 2165 1041 2251 Κτιμένης
1059 2163 1147 2255 αὐτῷ
1165 2191 1241 2251 γεν-

236 2271 385 2355 νηθέντα
411 2274 469 2355 τῆς
493 2268 724 2356 Ἀμφιφάυους
755 2271 810 2337 καὶ
842 2269 1053 2354 Γανύκτορος
1083 2267 1241 2356 ἀδελφῆς,

236 2372 405 2461 θυγατρὸς
419 2373 456 2441 δὲ
474 2376 616 2459 Φηγέως.
637 2373 655 2441 ὁ
672 2372 709 2440 δὲ
723 2380 930 2460 Στησίχορος
943 2365 1041 2451 οὗτος
1055 2371 1242 2458 σάγχρονος

236 2472 280 2565 ἦν
298 2479 488 2569 Πυθαγόρᾳ
505 2483 550 2571 τῷ
572 2478 748 2569 φιλοσόφῳ
766 2480 821 2546 καὶ
840 2482 885 2569 τῷ
902 2476 1146 2568 Ἀκραγαντίνῳ
1173 2489 1254 2568 Φα-1

236 2584 357 2671 λάριδι.
404 2581 658 2662 Ἀστυπαλαιεδς
696 2582 727 2649 δ’
766 2576 809 2669 ἦν
836 2587 882 2675 τῷ
912 2585 1001 2669 γένει
1029 2579 1046 2651 δ
1079 2584 1238 2672 Φάλαρις,

237 2687 281 2768 ὥς
304 2686 403 2780 αὐτός
426 2707 529 2776 φησιν
558 2690 744 2768 ἐπιστολαῖς
769 2700 840 2767 ταῖς
862 2686 981 2773 αὐτοῦ,
1007 2688 1172 2775 τύραννος
1201 2692 1239 2758 δὲ

233 2794 507 2883 Ἀκραγαντίνων.
548 2790 611 2880 έγά
632 2792 669 2861 δὲ
688 2792 749 2861 οὐκ
766 2792 1112 2880 άκριβολογησάμενος
1127 2792 1238 2882 Ἀκρα-

235 2914 394 2987 γαντίυον
413 2898 550 2967 ἐκάλεσα
575 2902 614 2987 τῇ
638 2902 735 2987 κοινῇ
753 2905 919 2989 σννηθείᾳ
941 2897 1121 2985 χριόμενος·
1151 2898 1172 2985 ἡ
1200 2902 1238 2968 δὲ

233 3004 417 3105 Ἀστυπάλη
436 3002 532 3083 πόλις
553 3007 611 3089 τῆς
630 3003 750 3090 Σάμου
769 3006 868 3071 ἐστίν.
914 3007 949 3071 οί
969 3004 1007 3071 δὲ
1024 3002 1168 3090 Ὁμήρου
1188 3033 1254 3095 τε-Ξ

234 3116 422 3199 τρακοσίοις
453 3106 664 3195 ὑστερίζοντα
693 3114 793 3193 ἔτεσι,
815 3106 904 3175 καθά
932 3127 1014 3194 φησι
1036 3110 1091 3177 καὶ
1101 3107 1235 3196 Ἡρόδο-

234 3243 298 3295 τος.
322 3214 552 3301 συνεγράψατο
568 3213 605 3281 δὲ
620 3211 637 3282 ὁ
654 3218 805 3293 τοιοῦτος
814 3211 968 3293 Ἡσίοδος
976 3219 1112 3299 βίβλους
1135 3217 1235 3284 ἑκκαί-

236 3325 325 3404 δεκα,
345 3318 488 3407 ’Όμηρος
509 3318 546 3387 δὲ
565 3316 741 3399 δ’παλαιὸς
761 3318 812 3405 ιγ’.
844 3322 978 3407 τελευτᾷ
997 3319 1034 3386 δὲ
1053 3318 1236 3402 ὁἩσίοδος

235 3428 272 3493 ἐν
292 3427 433 3511 Λοκρίδι
450 3423 721 3511 τοιουτοτρόπως.
766 3421 845 3511 μετά
863 3421 924 3509 τὴν
947 3428 1046 3510 νίκην
1068 3421 1112 3509 ἣν
1135 3385 1254 3495 αὐτόν1
