2517 4050
208 273 249 335 8ss
571 319 576 330 ,
631 273 798 325 mom
926 238 929 242 ⁴
1243 270 1246 425 ῃ

208 405 338 494 τετράδ’
364 405 549 476 ἀλεύασθαι
573 406 758 494 φθίνοντός
779 406 819 485 θ’
846 410 1025 495 ἱσταμένου
1046 437 1082 479 τε

211 513 326 601 [άλγεα
348 519 570 601 θυμοβορεσν·
593 513 682 600 μάλα
703 539 755 582 τοι
778 514 1009 601 τετελεσμένον
1032 508 1145 605 ἦμαρ]
1244 462 1247 639 ί

294 689 350 759 Ἐν
366 690 402 760 δέ
417 688 552 778 τετάρτῃ
567 688 673 777 μηνός
687 687 800 775 άγεσθ’
825 694 872 769 είς
887 687 980 758 οἶκον
994 690 1134 761 ἄκοιτιν.
1163 713 1218 762 500
1246 656 1248 805 Ι

210 796 367 882 [οἰωνούς
389 803 521 892 κρίνας,
546 801 581 863 οἳ
602 793 652 862 ἐπ’
678 801 815 882 ἔργματι
836 795 942 887 τούτω
965 795 1124 882 ἄριστοι]

298 974 453 1059 Πέμπτας
468 970 499 1037 δ’
516 973 727 1057 ἐξαλέασθαι,
750 973 819 1039 έπελ
833 979 975 1059 χαλεπαί
985 999 1019 1040 τε
1032 975 1087 1042 καὶ
1103 980 1206 1043 αἰναί.
1247 976 1248 981 ’

210 1082 247 1148 έν
270 1080 397 1166 πέμπτῃ
420 1077 482 1164 γάρ
506 1097 610 1164 φασιν
631 1074 785 1162 Ἐρινύας
807 1075 1048 1164 ἀμφιπολεύειν
1248 1156 1249 1161 1

199 1183 322 1272 Ὅρκον
345 1183 540 1272 τινάμενον,
562 1181 622 1252 τὸν
645 1181 739 1270 Ἔρις
760 1184 831 1250 τέκε
853 1182 933 1270 πῆμ’
959 1185 1132 1273 ἐπιόρκοις.

297 1365 416 1449 Μέσσῃ
441 1358 471 1427 δ’
498 1357 663 1447 ἑβδομάτῃ
688 1358 882 1447 Δημήτερος
904 1358 995 1448 ἱερὸν
1019 1359 1122 1450 άκτήν
1157 1382 1206 1433 802=

209 1460 247 1536 εύ
270 1466 347 1554 μάλ’
373 1465 611 1544 ὀπιπτεύοντας
633 1464 820 1556 ἐύτροχάλῳ
845 1469 882 1535 έν
904 1465 996 1556 άλωή
1250 1428 1251 1495 δ

209 1573 353 1660 βάλλειν.
398 1569 564 1658 ὑλοτόμον
586 1597 621 1639 τε
644 1585 760 1659 ταμεῖν
781 1571 954 1660 θαλαμήια
977 1577 1100 1663 δοῦρα,
1251 1652 1252 1655 ¹

209 1677 288 1766 νήλά
310 1703 344 1746 τε
368 1675 449 1758 ξύλα
471 1675 592 1762 πολλά,
614 1675 684 1744 τάτ’
710 1676 839 1764 ἅρματα
862 1680 963 1765 νηυσὶ
985 1683 1151 1751 πέλονται.
1251 1700 1252 1705 ’

301 1851 440 1939 Τετράδι
464 1850 495 1919 δ’
521 1851 683 1939 άρχεσθαι
706 1858 789 1940 νήας
810 1854 1004 1941 πήγνυσθαι
1026 1855 1154 1943 άραιάς.
1244 1953 1248 1961 ·

297 2028 400 2111 Είνάς
424 2028 456 2098 δ’
482 2028 501 2118 ή
525 2032 628 2117 μέσση
653 2032 704 2099 ἐπλ
729 2035 837 2101 δείελα
860 2032 962 2101 λάτον
984 2026 1082 2122 ἦμαρ.
1159 2056 1212 2104 810

208 2144 373 2225 πρωτίστη
398 2135 429 2204 δ’
455 2135 545 2216 είνδις
567 2137 775 2224 παναπήμων
798 2137 1043 2226 ἀνθρώποισιν·
1077 2127 1079 2130 ’

134 2250 141 2269 ’
209 2246 312 2333 ἐσθλή
336 2246 397 2333 μὲν
420 2243 483 2331 γάρ
506 2242 543 2312 θ’
569 2242 629 2329 ήδε
652 2246 837 2331 φυτευέμεν
860 2243 920 2331 ήδὲ
942 2248 1101 2333 γενέσθαι

208 2352 303 2440 άνέρι
325 2351 354 2420 τ’
380 2349 441 2437 ήδδ
463 2356 611 2436 γυναικί·
633 2351 689 2418 καὶ
713 2350 832 2419 ούποτε
854 2350 1024 2438 πάγκακον
1046 2346 1145 2441 ήμαρ.

297 2566 429 2650 Παύροι
454 2559 485 2627 δ’
511 2552 589 2629 αὖτε
612 2568 704 2629 ῐσοσι
725 2561 915 2649 τριςεινάδα
938 2562 1042 2651 μηνὸς
1064 2563 1205 2653 άρίστην

209 2668 393 2756 [ἄρξασθαί
411 2692 446 2736 τε
468 2672 585 2753 πίθου,
607 2668 663 2735 καὶ
687 2670 738 2735 ἐπὶ
762 2666 861 2754 ζυγὸν
884 2667 1007 2755 αύχένα
1029 2678 1144 2739 θεῖναι
1169 2692 1220 2741 815

209 2774 307 2861 βουσὶ
330 2774 385 2841 καὶ
408 2770 577 2860 ἡμιόνοισι
600 2774 656 2841 καὶ
678 2777 789 2853 ἵπποις
813 2772 1050 2859 ὠκυπόδεσσι,]

208 2885 273 2968 νήα
297 2879 503 2965 πολυκλήιδα
525 2875 616 2966 θοήν
641 2883 688 2959 είς
711 2888 831 2948 οἴνοπα
852 2879 978 2949 πόντον

209 2986 396 3073 εἰρύμεναι·
419 2990 542 3072 παῦροι
567 2988 606 3054 δέ
625 2984 656 3054 τ’
683 2984 810 3072 άληθέα
831 2978 1054 3072 κικλήσκουσι.

208 3091 340 3178 τετράδι
365 3089 396 3157 δ’
423 3089 492 3176 οἶγε
515 3097 633 3159 πίθον·
657 3094 731 3178 περὶ
753 3090 888 3160 πάντων
912 3091 1003 3180 ἱερὸν
1025 3085 1115 3181 ήμαρ

209 3200 326 3284 μέσση·
348 3200 471 3283 παῦροι
487 3194 517 3265 δ’
535 3189 612 3265 αύτε
636 3196 706 3284 μετ’
732 3196 847 3265 είκάδα
870 3196 975 3284 μηνὸς
996 3198 1136 3289 ἀρίστην
1168 3221 1218 3271 8κο

184 3294 291 3391 ιήοῦς
312 3305 521 3391 γειναμένης·
544 3304 596 3371 έπὶ
619 3306 728 3371 δείελα
752 3302 782 3371 δ’
809 3305 877 3371 έστλ
901 3310 1047 3390 χερείων.

297 3484 380 3548 Αἵδε
403 3480 467 3568 μὲν
486 3478 605 3568 ἡμέραι
629 3481 714 3548 εἰσὶν
738 3481 944 3567 ἐπιχθονίοις
966 3480 1039 3570 μέγ’
1065 3480 1193 3568 ὄνειαρ,
