2517 4050
304 1267 307 1272 Ι
355 1148 721 1228 ΘΕΟΓΟΝΙΑ.

45 1473 179 1562 ουσάων
197 1471 445 1543 Ἑλικωνιάδων
468 1474 637 1564 ἀρχώμεθ’
663 1473 799 1562 ἀείδειν,

7 1578 76 1647 ἴθ’
99 1578 278 1659 Ἑλικῶνος
296 1586 431 1667 έχουσιν
455 1579 534 1670 όρος
556 1583 640 1668 μέγα
661 1606 696 1649 τε
720 1580 842 1662 ζάθεόν
863 1607 910 1668 τε,

0 1689 64 1751 ναί
81 1711 116 1754 τε
138 1686 213 1774 περὶ
235 1686 364 1774 κρήνην
387 1689 512 1755 ἰοειδέα
533 1683 631 1754 πόσσ’
657 1684 835 1754 ἁπαλοῖσιν

26 1795 182 1876 ρχεῦνται
205 1791 260 1857 καὶ
282 1791 398 1878 βωμὸν
423 1794 613 1880 ἐρισθενέος
637 1797 847 1877 Κρονίωνος·

1 1900 78 1976 [καί
95 1921 131 1963 τε
154 1895 373 1982 λοεσσάμεναι
396 1899 513 1983 τέρενα
536 1895 618 1983 χρόα
642 1902 869 1983 Περμησσοῖο,
999 1916 1016 1965 σ

6 1995 22 2019 '¹
39 1996 161 2067 Ἵππον
182 1997 317 2085 κρήνης,
341 1995 361 2086 ή
382 1997 533 2086 Ὀλμειοῦ
557 2001 701 2085 ζαθέοιο,

1 2101 174 2195 ἀκροτάτῳ
193 2101 347 2172 Ἑλικῶνι
370 2104 491 2191 χοροὺς
515 2106 762 2191 ἐνεποιήσαντο,

1 2208 136 2294 καλούς,
161 2208 364 2294 ἱμερόεντας·
389 2208 618 2295 ἐπερρώσαντο
643 2208 681 2276 δὲ
702 2214 846 2294 ποσσίν]
896 2283 898 2289 ,

4 2320 106 2382 ἔνθεν
130 2310 371 2399 ἀπορνύμεναι,
394 2316 637 2400 κεκαλυμμέναι
660 2311 734 2399 ήέρι
756 2319 872 2403 πολλή,

5 2418 156 2506 ἐννύχιαι
179 2432 310 2504 στεῖχον
332 2420 529 2506 περικαλλέα
553 2416 658 2486 όσσαν
683 2421 792 2505 ἰεῖσαι,
982 2442 1015 2491 10

4 2520 170 2610 ὑμνεῦσαι
195 2530 263 2590 Δία
284 2522 310 2590 τ’
336 2529 487 2610 αἰγίοχον
509 2524 564 2591 καί
586 2522 729 2591 πότνιαν
744 2522 864 2612 Ἥρην,

2 2626 164 2715 Ἀργείην,
188 2631 357 2714 χρυσέοισι
380 2632 526 2707 πεδίλοις
549 2631 760 2716 ἐμβεβαυῖαν,

5 2734 132 2821 κούρην
155 2731 180 2801 τ’
206 2732 370 2819 αἰγιόχοιο
394 2732 478 2811 Διὸς
501 2738 692 2817 γλαυκῶπιν
714 2731 872 2820 Ἀθήνην,

10 2838 136 2924 Φοῖβόν
159 2834 185 2905 τ’
207 2836 399 2906 Ἀπόλλωνα
420 2837 475 2903 καὶ
488 2835 646 2925 ’Ἄρτεμιν
670 2840 850 2924 ἰοχέαιραν,

7 2940 66 3025 ήδὲ
84 2942 307 3011 Ποσειδάωνα
330 2939 483 3027 γεήοχον,
507 2944 731 3028 ἐννοσίγαιον,
981 2964 1013 3013 15

7 3049 59 3113 καὶ
83 3049 186 3134 Θέμιν
210 3051 355 3133 αἰδοίην,
379 3046 640 3132 ἑλικοβλέφαρόν
661 3071 681 3113 τ
709 3044 920 3134 Ἀφροδίτην,

6 3148 105 3238 Ἥβην
128 3178 164 3220 τε
187 3153 461 3240 χρυσοστέφανον
483 3150 589 3237 καλήν
611 3176 647 3218 τε
671 3152 826 3237 Διώνην,

6 3253 67 3323 Ἠώ
90 3255 114 3325 τ’
138 3256 268 3325 Ἠέλιόν
290 3283 325 3324 τε
347 3259 461 3343 μέγαν,
484 3257 639 3344 λαμπράν
661 3283 696 3324 τε
719 3258 886 3344 Σελήνην,

11 3361 103 3446 Λητώ
127 3360 152 3428 τ’
176 3360 324 3429 Ἰαπετόν
346 3388 392 3447 τε,
416 3362 467 3428 ἰδέ
490 3360 628 3447 Κρόνον
652 3360 895 3449 ἀγκυλομήτην,

10 3465 112 3533 Γαῖάν
134 3464 159 3534 τ’
181 3464 343 3534 Ὠκεανόν
364 3493 399 3534 τε
423 3468 538 3552 μέγαν,
561 3467 616 3533 καὶ
639 3465 756 3533 Νύκτα
779 3470 951 3553 μέλαιναν,
978 3487 1013 3536 κθ

61 3582 160 3623 Ηιιετοο.
783 3576 798 3621 1
