2517 4050
423 279 620 337 ΘΕΟΓΟΝῙΑ.
989 284 1024 346 Π

19 409 86 493 [καὶ
99 413 247 498 κρατερῷ
262 434 322 495 περ
338 409 438 496 ἐόντι,
458 411 542 491 Διὸς
556 412 702 499 μεγάλου
716 413 773 481 διά
786 417 935 500 βουλάς]
973 435 1025 485 465

17 511 142 582 τούνεκ’
167 512 218 601 ἀρ’
245 512 306 582 οὐκ
328 513 556 603 ἀλαοσκοπιὴν
580 523 665 605 ἐχεν,
689 516 772 588 ἀλλά
796 521 946 588 δοκεύων

17 625 137 699 παῖδας
160 619 235 699 έούς
257 622 425 689 κατέπινε·
445 620 539 710 Ῥέην
562 622 592 690 δ’
619 630 671 710 έχε
692 628 819 705 πένθος
841 625 994 695 ἀλαστον.

18 722 84 792 ἀλλ’
110 723 164 793 ὅτε
188 723 229 811 δή
254 722 316 792 Δί’
343 731 456 812 ἔμελλε
478 731 571 795 θεῶν
593 727 702 817 πατέρ’
727 729 788 817 ήδὲ
810 733 865 799 καὶ
888 729 1025 817 ἀνδρῶν

18 830 178 915 τέξεσθαι,
202 825 267 897 τότ’
293 835 402 899 ἔπειτα
424 837 545 919 φίλους
567 834 719 902 λιτάνευε
740 840 861 923 τοκῆας

16 933 93 1013 τοὺς
116 933 217 1021 αὑτής
239 938 347 1003 Γαῖάν
369 963 404 1006 τε
426 939 480 1006 καὶ
506 937 664 1026 Ούρανδυ
686 939 896 1029 ἀστερόεντα,
972 962 1025 1011 470

18 1043 116 1124 μῆτιν
140 1039 437 1129 συμφράσσασθαι,
461 1042 550 1123 ὅπως
572 1045 749 1116 λελάθοιτο
772 1052 914 1116 τεκοῦσα

18 1149 118 1212 παῖδα
140 1153 253 1232 φίλον,
276 1153 403 1217 τίσαιτο
427 1146 457 1216 δ’
483 1152 594 1238 ἐρινῦς
616 1151 739 1239 πατρὸς
762 1155 830 1220 ἑοῖο

18 1254 145 1319 παίδων
167 1249 200 1319 θ’
227 1249 286 1332 οὓς
308 1255 461 1330 κατέπινε
484 1260 585 1340 μέγας
607 1255 742 1342 Κρόνος
764 1257 1002 1344 ἀγκυλομήτης.

7 1359 52 1422 ,οί
72 1356 109 1424 δὲ
130 1358 276 1446 θυγατρὶ
300 1365 381 1448 φίλη
404 1360 493 1446 μάλα
515 1361 577 1447 μέν
598 1360 704 1429 κλύον
726 1359 779 1448 ήδ’
806 1365 975 1448 ἐπίθοντο,

17 1459 74 1529 καί
94 1465 129 1532 οί
147 1465 357 1552 πεφραδέτην
381 1464 505 1553 ὅσαπερ
528 1467 679 1554 πέπρωτο
702 1469 862 1553 γενέσθαι
970 1487 1021 1536 475

18 1567 100 1655 ἀμφὶ
123 1568 246 1660 Κρόνῳ
270 1574 408 1657 βασιλήι·
429 1571 484 1638 καὶ
506 1575 575 1640 υίέι·
595 1571 845 1663 καρτεροθύμῳ.

18 1678 147 1760 πέμψαν
171 1673 200 1742 δ’
225 1679 258 1755 ἐς
280 1677 424 1762 Λύκτον,
452 1676 586 1763 Κρήτης
609 1680 643 1756 ἐς
663 1684 765 1746 πίονα
789 1682 908 1765 δήμον,

18 1776 125 1848 ὁππότ’
150 1779 200 1869 ἀρ’
227 1779 412 1850 ὁπλότατον
434 1787 565 1850 παίδων
587 1783 707 1870 ἤμελλε
729 1787 894 1868 τεκέσθαι,

19 1889 108 1971 Ζήνα
129 1887 246 1972 μέγαν·
269 1886 330 1954 τὸν
352 1888 414 1973 μέν
438 1891 481 1955 οί·
494 1889 625 1970 ἐδέξατο
648 1887 888 1975 Γαΐα’πελάρη

17 1995 128 2082 Κρήτη
152 1995 189 2061 ἐν
212 1989 322 2081 εύρείη
345 1995 512 2081 τραφέμεν
536 1993 790 2082 ἀτιταλλέμεναί
809 2019 852 2063 τε.
968 2014 1021 2063 480

18 2103 100 2165 ἔνθα
121 2125 181 2185 μιν
204 2094 273 2167 ἷκτο
298 2102 447 2186 φέρουσα
470 2098 560 2187 θοήν
584 2098 640 2167 διά
663 2099 769 2167 νύκτα
791 2101 955 2186 μέλαιναν

16 2203 204 2289 πράτηνές
227 2209 368 2290 Δίκτην·
391 2203 519 2290 κρύψεν
544 2204 584 2270 δέ
605 2206 622 2272 ἐ
643 2204 735 2290 χερσὶ
757 2208 908 2289 λαβοῦσα

16 2307 123 2399 άντρῳ
148 2312 185 2377 ἐν
206 2307 364 2401 ήλιβάτῳ,
389 2312 509 2396 ζαθέης
531 2306 596 2377 ὑπὸ
619 2308 757 2377 κεύθεσι
780 2314 889 2395 γαίης,

17 2420 142 2506 Αἰγαίῳ
166 2417 203 2483 ἐν
227 2413 307 2503 όρει,
330 2415 581 2505 πεπυκασμένῳ,
603 2412 747 2502 ὑλήεντι.

16 2525 56 2610 τῷ
81 2519 119 2589 δὲ
142 2526 394 2607 σπαργανίσασα
417 2522 646 2607 μέγανλίθον
669 2520 860 2607 ἐγγυάλιξεν
969 2542 1021 2591 485

18 2624 200 2715 [Οὐρανίδῃ
224 2620 293 2712 μέγ’
319 2623 446 2709 άνακτι,
469 2629 561 2693 θεάν
583 2628 732 2716 προτέρῳ
756 2631 914 2713 βασιλήί].

16 2728 72 2797 τὸν
93 2728 165 2799 τόθ’
192 2728 278 2798 ἑλὼν
300 2736 466 2818 χείρεσσιν
490 2728 549 2816 ἑήν
572 2729 750 2798 ἐσκάτθετο
773 2731 892 2816 νηδύν,

18 2839 169 2921 σχέτλιος,
192 2832 263 2904 οὐδ’
283 2834 405 2923 ιἐνόησε
428 2832 508 2922 μετά
531 2836 662 2921 φρεσίν,
685 2833 730 2914 ὥς
753 2839 788 2903 οί
808 2832 934 2904 ὀπίσσω

17 2936 86 3007 ἀντὶ
109 2948 212 3009 λίθου
236 2938 290 3019 έδς
312 2940 386 3019 υίὸς
409 2937 563 3027 ἀνίκητος
585 2941 640 3007 καὶ
663 2937 788 3027 ἀκηδής

17 3044 147 3131 λείπεθ’,
166 3044 258 3132 ὅμιν
276 3042 343 3131 τάχ’
365 3049 488 3131 ἔμελλε,
506 3049 563 3132 βίη
576 3046 632 3113 καὶ
645 3045 737 3132 χερσὶ
757 3045 937 3133 δαμάσσας,
967 3068 1020 3118 490

15 3155 106 3236 τιμῆς
128 3148 275 3235 ἐξελάαν,
300 3147 317 3216 ὁ
342 3147 372 3216 δ’
397 3151 433 3217 ἐν
457 3147 681 3217 ἀθανάτοισιν
704 3147 847 3232 ἀνάξειν.

99 3260 325 3343 Καρπαλίμως
339 3253 372 3321 δ’
394 3252 449 3343 ἀρ’
470 3259 581 3322 ἔπειτα
600 3258 700 3343 μένος
713 3257 768 3323 καί
783 3260 926 3343 φαίδιμα
939 3269 1018 3341 γυῖα

17 3358 127 3443 ηὔξετο
150 3373 222 3429 τοίο
246 3358 400 3439 άνακτος·
425 3362 655 3444 ἐπιπλομένων
679 3359 711 3427 δ’
738 3363 903 3429 ἐνιαυτῶν

17 3470 114 3551 Γαίης
136 3469 305 3553 ἐννεσίῃσι
327 3467 596 3553 πολυφραδέεσσι
620 3467 784 3545 δολωθείς

66 3590 164 3631 Rumon.
789 3577 805 3621 ²
