2517 4050
350 248 464 299 Azmz
483 247 720 299 ΗΡΑΚΛεουΣ.
983 249 1024 312 37
1056 237 1059 244 ’

9 383 142 470 Κήύκα.
180 376 224 470 ἦν
253 382 290 451 δὲ
313 379 331 449 ὁ
356 380 491 461 Κύκνος
513 381 663 469 γαμβρὸς
685 380 821 468 Κήύκος
843 382 896 449 ἐπὶ
918 391 1025 468 θυμα-

8 491 66 577 ιρὶ
92 487 344 576 Θεμιστονόηθ).

501 669 539 730 Β.

104 788 150 854 Οἱ
184 786 306 873 Τάφιοι
336 787 392 853 καὶ
425 787 461 853 οἱ
494 785 657 871 Τηλεβόαι
685 790 733 866 εἰς
764 791 836 875 ἔριν
868 786 1025 866 ἐλθόντες

8 890 97 980 πρὸς
114 889 195 971 τοὺς
213 889 383 977 ἀδελφούς
400 894 458 977 τῆς
479 889 661 977 Ἀλκμήνης
680 890 870 978 ἐφόνευσαν
893 892 1024 972 αὐτούς.

8 997 98 1084 αὐτὴ
133 996 171 1064 δὲ
202 993 262 1065 τὸν.
296 997 414 1082 ἑαυτῆς
444 996 553 1082 νόμον
584 995 738 1083 ἐκήρυττε
772 1006 953 1083 γαμεῖσθαι
979 1001 1025 1088 τῷ

8 1103 195 1191 δυναμένφ
215 1103 421 1186 διεκδικῆοαι
438 1097 498 1167 τὸν
521 1098 674 1167 θάνατον
695 1104 764 1168 τῶν
786 1099 944 1188 ἀδελφῶν
967 1101 1025 1170 αύ-

7 1213 78 1293 τῆς.
102 1207 343 1293 περιερχομένη
372 1196 434 1273 οὖν
464 1205 516 1272 ἐπὶ
543 1203 675 1283 τούτοις
696 1196 805 1290 ἦλθεν
828 1208 865 1273 ἐν
888 1206 1024 1292 Θήβαις,

8 1311 100 1380 ὅπου
125 1309 305 1380 ἐδούλευεν
320 1306 563 1397 δἈμφιτρύων
585 1308 669 1379 τότε.
714 1308 867 1390 κάκεῖνος
888 1309 1025 1398 ὑπέσχε-

7 1445 49 1486 το
74 1416 169 1506 αὐτῇ.
209 1415 333 1505 ***⁷)
357 1413 376 1483 ό
397 1413 608 1503 Ἀμφιτρύων
628 1412 646 1481 ό
665 1418 724 1500 τῆς
743 1413 927 1503 Ἀλκμηνης
945 1416 1025 1484 σύν-

9 1551 114 1603 ευνος
140 1520 201 1590 τὸν
228 1524 287 1608 τῆς
310 1522 429 1588 ἑαυτοῦ
457 1547 616 1607 γυναικος
645 1522 768 1609 πατέρα
796 1519 1025 1609 Ἠλεκτρύωνα

9 1629 224 1706 ἀποκτείνας.

507 1825 543 1887 Γ.

108 1946 174 2031 Τῆς
197 1946 347 2022 Ασπλδος
373 1940 395 2030 ἡ
423 1940 507 2031 ἀρχὴ
532 1944 568 2009 ἐν
591 1946 638 2033 τῷ
667 1941 696 2010 δ’
720 1943 906 2035 Καταλόγῳ
929 1945 1024 2032 φέρε-

8 2078 66 2119 ται
90 2052 187 2136 μέχρι
210 2054 331 2135 στίχων
354 2047 384 2116 ν’
407 2050 462 2115 καὶ
489 2047 559 2135 5'8).
603 2046 796 2116 ύπωπτευκε
820 2048 857 2117 δὲ
881 2047 1025 2136 Ἀριστο-

10 2154 136 2241 φάνης,
161 2152 221 2240 ούχ
244 2151 262 2221 ό
285 2152 442 2241 κωμικός,
465 2151 549 2220 ἄλλό
571 2180 621 2232 τις
645 2155 764 2240 ἕτερος,
788 2155 1024 2242 γραμματικός,

11 2259 58 2340 ὡς
78 2257 139 2329 οὐκ
159 2251 265 2327 οὖσαν
283 2255 420 2346 αι’πὴν9)
434 2254 607 2341 Ἡσιόδου,
625 2255 695 2325 ἀλλ’
717 2258 833 2343 ἕτέρου
853 2256 946 2337 τινὸς
963 2259 1025 2347 τὴν

6 2362 190 2453 Ὁμηρικὴν
213 2362 338 2430 ἀσπίδα
356 2361 567 2450 μιμήσασθαι
585 2365 865 2450 προαιρουμένου.
910 2372 1025 2451 Μεγα-

11 2476 94 2557 κλῆς
114 2468 152 2537 δὲ
170 2466 189 2537 ὁ
205 2467 384 2553 Ἀθηναῖος
406 2466 549 2554 γνήσιον
572 2466 635 2554 μὲν
654 2466 725 2535 οἶδε
747 2466 785 2536 τὸ
808 2474 943 2555 ποίημα,
968 2468 1025 2538 ἄλ-

11 2585 79 2656 λως
104 2574 141 2643 δὲ
165 2576 295 2663 ἐπιτιμᾷ
317 2576 362 2664 τῷ
381 2570 581 2663 Ἡσιόδφῑο).
605 2571 730 2658 ἄλογον
753 2573 817 2662 μύρ
846 2592 930 2661 φησι
952 2599 1025 2643 ποι-

13 2697 65 2749 εῖν
86 2679 275 2768 Ἥφαιστον
302 2692 373 2756 τοῖς
398 2682 457 2764 τῆς
483 2679 623 2766 μητέρος
650 2680 785 2765 ἐχθροῖς
813 2675 899 2745 ὅπλα
926 2682 1024 2767 παρέ-

14 2824 230 2833 —-----——

87 2894 113 2957 6)
134 2890 179 2944 Sic
199 2890 325 2945 Goettl.
340 2889 447 2943 Rank.
463 2888 531 2942 Pal.
547 2887 695 2942 Schoem.
715 2904 779 2941 cum
798 2887 876 2942 codd.
891 2886 952 2941 Par.
972 2889 1024 2942 AF

14 2964 51 3029 (n.
72 2966 152 3016 2⁷08.
172 2962 254 3028 2772)
274 2959 350 3028 apud
367 2959 471 3014 Rank.
490 2958 574 3042 Vulg.
595 2953 798 3027 Θεμιστοκόμη.
812 2988 847 2997 -
860 2953 931 3024 πρὸς
948 2956 1024 3026 Κήυ-

14 3052 50 3085 κα
75 3028 125 3085 τὸν
148 3024 294 3097 πενθερόν
317 3024 424 3083 κύκνου
448 3024 497 3082 τὸν
520 3046 662 3097 ηημαντος
685 3024 876 3097 Θεμιστονόην
899 3028 960 3081 Em.
998 3031 1023 3096 7)

14 3100 134 3156 Videtur
152 3100 310 3155 addendum
328 3098 377 3153 καλ
405 3094 526 3166 ἐγένετο.
546 3128 578 3136 -
599 3101 626 3166 8)
644 3097 706 3151 Em.
726 3100 757 3153 A.
777 3098 859 3167 Vulg.
878 3092 904 3149 ν’
922 3097 971 3151 καλ
990 3094 1023 3154 τ’.

14 3171 136 3227 Βελὶιιιίλ
159 3169 271 3223 Heinr.
295 3169 426 3223 monente
444 3168 560 3223 Petisso
579 3166 614 3221 de
632 3167 706 3237 legg.
725 3170 783 3222 Att.
798 3185 825 3237 p.
845 3173 905 3221 462.
944 3165 1020 3221 Cete-

14 3258 76 3295 rum
88 3257 138 3309 pro
153 3236 178 3293 δ’
193 3244 289 3294 καταλ.
301 3239 361 3294 cod.
377 3238 466 3293 Rehd.
486 3237 615 3292 distincsse
627 3236 748 3308 τετάρτῳ
763 3241 796 3292 K.
833 3236 867 3290 V.
887 3237 1023 3290 Μεταλα-

15 3310 168 3365 scheffel.
201 3309 317 3364 Hesiodi
340 3310 393 3363 etc.
412 3326 438 3375 p.
461 3314 519 3364 142.
560 3306 654 3361 Verba
674 3303 726 3374 ούχ
745 3302 760 3361 ὃ
779 3337 815 3347 ·-
833 3302 1024 3374 γραμματικός

14 3381 114 3436 desunt
140 3380 220 3435 codd.
249 3379 311 3434 Par.
339 3377 427 3431 AEF
454 3379 526 3447 (Par.
546 3382 623 3431 2708.
648 3384 725 3431 2773.
745 3378 833 3444 2772).
853 3375 913 3428 Em.
938 3406 971 3415 —
995 3379 1023 3444 9)

15 3450 70 3505 Vl.
100 3467 150 3520 pro
176 3444 267 3518 αὐτὴν
294 3449 381 3503 habet
411 3446 463 3513 τὴν
491 3443 659 3502 όιιλοποιίαν
690 3443 806 3513 ταύτην.
834 3475 868 3484 -
897 3446 942 3514 10)
974 3448 1022 3500 καλ
