2517 4050
221 315 263 379 52
637 316 805 368 ΗΣΙΟΔΟΤ

222 455 267 542 τῷ
292 449 547 538 ἐπιπειθόμενος
569 451 684 537 ἐχέμεν
709 448 937 536 ἐρυσάρματας
958 452 1088 528 ἵππους.

224 554 265 643 δή
274 552 337 623 τότ’
349 552 401 622 ἀπ’
415 553 600 624 εὐπλεκέων
619 559 751 641 δίφρων
763 554 874 642 θόρον
891 552 959 635 αἶψ’
975 555 1028 622 ἐπὶ
1037 562 1140 641 γαίαν
1183 577 1217 624 37

222 676 299 742 παῖς
319 688 355 730 τε
378 660 463 741 Διὸς
485 660 632 749 μεγάλου
654 661 710 728 καί
730 658 918 728 Ἐνυαλίοιο
941 659 1092 739 άνακτος.

109 839 121 860 .
222 764 353 854 ἡνίοχοι
377 765 409 833 δ’
435 772 562 854 ἔμπλην
586 770 709 833 ἐλασαν
731 771 942 853 καλλίτριχας
964 769 1097 844 ἵππους·

225 877 305 957 [τῶν
329 871 360 938 δ’
387 869 452 939 ὕπο
476 873 670 957 σευομένων
692 868 845 957 κανάχιζε
867 868 942 938 πότ’
968 868 1081 958 εὐρεῖα
1103 869 1225 957 χθων]

225 974 284 1060 [ὥς
307 975 338 1043 δ’
365 973 409 1044 ὅτ’
435 973 490 1062 ἀφ’
515 973 647 1062 ὑψηλῆς
668 979 819 1064 κορυφῆς
842 974 938 1062 ὄρεος
960 973 1119 1062 μεγάλοιο

222 1084 338 1169 πέτραι
361 1079 641 1169 άποθροόσκωσιν,
664 1079 710 1149 ἐπ’
735 1079 893 1167 άλλήλαις
916 1081 954 1150 δὲ
975 1085 1112 1166 πέσωσι,
1181 1103 1223 1149 37

222 1187 342 1256 πολλαὶ
366 1185 403 1255 δὲ
426 1190 509 1274 δρῦς
530 1185 702 1274 ὑψίκομοι,
725 1189 843 1255 πολλαὶ
867 1188 908 1255 δέ
927 1213 962 1255 τε
984 1191 1104 1254 πεῦκαι

224 1298 368 1381 αίγειροί
386 1318 422 1360 τε
443 1291 635 1381 τανύρριζοι
659 1291 843 1379 ῥήγνυνται
866 1289 923 1360 ὑπ’
949 1291 1062 1361 αὐτῶν

224 1402 330 1486 ῥίμφα
352 1398 617 1484 κυλινδομένων,
641 1392 709 1477 εἷος
730 1396 882 1466 πεδίονδ’
908 1396 1107 1484 ἀφίκωνται,

225 1502 269 1583 δίς
292 1508 327 1572 οί
347 1500 393 1572 ἐπ’
418 1502 591 1590 άλλήλοισι
614 1505 718 1571 πέσον
741 1506 824 1590 μέγα
845 1503 1084 1590 κεκλήγοντες]

224 1613 312 1676 πάσα
332 1609 369 1676 δέ
387 1607 622 1694 Μυρμιδόνων
641 1635 675 1676 τε
693 1607 788 1687 πόλις
804 1608 916 1695 κλειτή
934 1607 959 1676 τ’
978 1607 1143 1696 Ἰαωλκός,
1180 1627 1231 1678 380

222 1713 328 1801 ’Ἀρνη
351 1711 376 1781 τ’
401 1711 454 1799 ἠδ’
475 1711 586 1800 Ἑλίκη
600 1711 741 1780 ’Ἀνθειά
764 1739 800 1781 τε
822 1713 983 1799 ποιήεσσα

225 1822 321 1906 φωνή
345 1815 399 1885 ὕπ’
424 1817 623 1907 ἀμφοτέρων
647 1817 757 1906 μεγάλ’
784 1827 893 1905 ἴαχον·
918 1822 952 1886 οί
974 1816 1006 1885 δ’
1031 1816 1189 1910 άλαλητῷ

224 1928 390 2013 θεσπεσίῳ
415 1923 574 1993 σύνισαν·
597 1925 680 2011 μέγα
703 1923 734 1992 δ’
761 1930 877 1992 ἔκτυπε
900 1929 1033 2011 μητίετα
1058 1925 1155 2004 Ζεός.

225 2029 302 2115 [κὰδ
317 2029 348 2097 δ’
364 2028 414 2117 ἄρ’
431 2027 484 2099 άτί
502 2028 695 2115 οὐρανόθεν
710 2029 832 2110 ψιάδας
845 2029 948 2116 βάλεν
962 2033 1197 2117 αίματοέσσας,
1248 2010 1250 2128 ή

224 2141 312 2224 σήμα
333 2138 441 2216 τιθεὶς
462 2138 621 2223 πολέμοιο
646 2137 689 2226 ἑῷ
712 2138 919 2222 μεγαθαρσέι·
938 2139 1057 2219 παιδί]
1179 2155 1228 2202 385

225 2237 309 2326 [οἷος
334 2240 365 2309 δ’
392 2245 429 2311 ἐν
452 2240 580 2329 βήσσης
603 2238 699 2327 όρεος
720 2238 861 2328 χαλεπὸς
883 2242 1085 2327 προϊδέσθαι

225 2348 349 2434 κάπρος
371 2346 563 2433 χαυλιόδων
586 2348 724 2433 φρονέει
746 2350 846 2437 θυμῷ
870 2349 1079 2433 μαχέσασθαι

223 2451 368 2538 άνδράσι
390 2456 573 2539 θηρευτής,
595 2451 695 2537 θήγει
720 2454 760 2520 δέ
778 2479 814 2521 τε
836 2451 957 2520 λευκόν
982 2452 1107 2521 ὀδόντα

225 2561 423 2644 δοχμωθείς,
446 2554 554 2644 άφρδς
577 2557 615 2625 δέ
636 2558 711 2644 περὶ
734 2556 839 2644 στόμα
862 2556 1084 2645 μαστιχόωντι

224 2669 377 2749 λείβεται,
401 2660 480 2729 όσσε
505 2664 544 2729 δέ
566 2666 601 2731 οί
620 2664 701 2749 πυρὶ
725 2659 952 2749 λαμπετόωντι
976 2665 1098 2749 ἐΐκτην,
1181 2683 1232 2730 390

224 2766 331 2855 ὀρθάς
355 2766 386 2834 δ’
413 2769 449 2835 ἐν
472 2773 574 2857 λοφιή
599 2775 733 2858 φρίσσει
755 2774 868 2855 τρίχας
890 2767 980 2855 άμφί
998 2795 1033 2837 τε
1057 2770 1189 2855 δειρήν·

223 2879 268 2966 τῷ
292 2881 400 2952 ίκελος
422 2871 507 2952 Διὸς
529 2872 603 2955 υίδς
626 2872 681 2960 ἀφ’
708 2877 841 2942 ίππείου
861 2872 947 2959 θόρε
971 2878 1120 2962 δίφρου]

225 2974 323 3068 [ήμος
345 2979 382 3047 δὲ
405 2984 531 3071 χλοερῷ
554 2980 780 3069 κυανόπτερος
802 2976 902 3066 ήχέτα
924 2981 1027 3061 τέττιξ

224 3085 287 3178 όζφ
310 3084 507 3172 ἐφεζόμενος
529 3088 632 3173 θέρος
654 3084 889 3172 άνθράποισιν
911 3081 1039 3152 άείδειν

224 3190 375 3279 άρχεται,
392 3182 454 3281 ᾦτε
476 3190 573 3270 πόσις
594 3192 650 3259 καλ
673 3196 797 3280 βρῶσις
819 3195 929 3276 θήλυς
952 3192 1060 3276 ἐέρση,
1179 3206 1229 3256 39ο

223 3302 283 3365 καί
301 3323 336 3365 τε
358 3294 563 3383 πανημέριός
584 3322 619 3364 τε
642 3297 697 3363 καὶ
719 3295 808 3387 ήῷος
832 3296 897 3380 χέει
921 3292 1031 3381 αὐδήν

225 3406 290 3470 ίδει
314 3405 350 3470 ἐν
374 3400 550 3493 αίνοτάτφ,
574 3398 629 3468 ὅτε
651 3427 686 3469 τε
708 3400 792 3488 χρόα
815 3405 951 3485 Σείριος
973 3398 1053 3484 άζει,

225 3499 307 3595 ήμος
331 3505 371 3593 δή
394 3509 562 3597 κέγχροισι
586 3508 661 3593 πέρι
684 3510 807 3591 γλῶχες
829 3505 1016 3589 τελέθουσι,
