2517 4050
424 245 622 309 οεονοιυε.
987 254 1029 316 29

13 390 197 478 Ταρτάρου
221 394 258 459 ἐν
282 390 436 477 φιλότητι
460 389 516 457 διὰ
539 392 684 477 χρυσέην
705 387 915 475 Ἀφροδίτην.

10 487 58 562 οὗ
85 509 191 582 χεῖρες
214 495 276 583 μὲν
299 495 433 582 ἀαπτοι,
458 494 505 563 ἐπ’
532 496 622 582 ίσχόι·
645 493 772 582 ἔργματ’
799 502 944 582 ἔχουσαι,

7 601 75 668 καὶ
97 602 201 680 πόδες
224 598 386 686 ἀκάματοι
409 605 571 688 κρατεροῦ
594 604 693 669 θεοῦ·
716 604 752 668 ἐκ
775 603 815 668 δέ
836 605 870 669 οἱ
892 600 992 687 ώμων

10 698 60 790 ἦν
88 704 207 774 ἑκατὸν
230 706 372 792 κεφαλαὶ
395 705 504 793 όφιος,
529 710 656 774 δεινοῖο
680 705 872 793 δράκοντος,
975 724 1026 773 825

11 811 189 899 γλώσσῃσι
214 815 399 899 δνοφερῇσι
422 811 637 899 λελειχμότες,
661 815 696 880 ἐκ
720 814 760 879 δέ
780 815 816 880 οί
836 809 948 879 όσσωυ

11 907 200 1006 θεσπεσίης
221 922 406 1006 κεφαλῇσιν
429 915 483 984 ὑπ’
509 917 634 1004 ὀφρύσι
657 922 723 1004 πῦρ
746 915 931 1004 ἀμάρυσσε·

14 1025 168 1106 [πασέων
192 1021 220 1089 δ’
246 1026 281 1091 ἐκ
303 1024 475 1110 κεφαλέων
499 1027 565 1109 πῦρ
588 1030 698 1092 καίετο
723 1026 961 1112 δερκομένοιο,]

16 1130 135 1216 φωναί
158 1127 190 1197 δ’
217 1131 253 1196 ἐν
275 1128 421 1216 πάσῃσιν
446 1134 526 1196 ἐσαυ
550 1133 663 1218 δεινῇς
684 1134 847 1218 κεφαλῇσι

15 1240 185 1321 παντοίην
208 1231 258 1302 ότί
284 1238 394 1319 ἰεῖσαι,
416 1231 628 1321 ἀθέσφατον·
651 1233 769 1302 άλλοτε
791 1234 853 1320 μὲν
875 1234 939 1321 γάρ
976 1255 1028 1303 830

17 1337 208 1427 φθέγγονθ’
235 1337 316 1418 ώςτε
338 1348 450 1408 θεοῖσι
474 1341 643 1425 συνιέμεν,
666 1337 783 1407 ἀλλοτε
807 1337 836 1404 δ’
861 1333 941 1408 αὖτε

16 1446 148 1534 ταῦρου
171 1445 363 1534 ἐριβρύχεω,
387 1447 487 1532 μένος
509 1443 650 1532 ἀσχέτου
673 1443 789 1530 ῦσσαν,
812 1443 973 1533 ἀγαύρου,

17 1552 138 1620 άλλοτε
162 1549 194 1617 δ’
220 1543 299 1619 αῦτε
322 1553 455 1632 λέουτος
477 1550 618 1620 ἀναιδέα
640 1550 754 1638 θυμὸν
778 1558 923 1639 ἔχοντος,

18 1658 138 1726 άλλοτε
162 1656 193 1724 δ’
220 1649 272 1725 αδ*
288 1657 506 1726 σκυλάκεσσιν
530 1657 672 1743 ἐοικότα,
695 1655 838 1745 θαύματ’
863 1655 1015 1743 ἀκοῦσαι,

18 1763 139 1832 ἀλλοτε
159 1761 191 1830 δ’
212 1757 256 1833 αὖ
275 1761 424 1852 ῥοίζεσχ’,
444 1761 509 1831 ὑπὸ
530 1761 562 1830 δ’
583 1763 680 1850 ῇχεεν
700 1762 801 1851 οῦρεα
824 1763 942 1850 μακρά.
976 1782 1028 1831 835

19 1875 81 1937 καί
99 1870 143 1939 νύ
165 1896 223 1938 κεν
248 1875 362 1937 ἔπλετο
387 1875 485 1956 ἔργον
507 1867 683 1956 ἀμήχανον
706 1868 807 1956 ῇματι
829 1875 940 1958 κείυςο,

18 1983 80 2043 καί
99 2003 157 2045 κεν
181 1975 239 2062 ὅγε
261 1985 419 2063 θνητοῖσι
440 1975 502 2043 καί
520 1973 743 2044 ἀθανάτοισιν
766 1973 900 2060 άναξευ,

20 2086 52 2147 εί
75 2080 120 2169 μὴ
143 2080 192 2170 ἀρ’
219 2081 279 2164 ὀξὺ
301 2082 404 2168 νόησε
426 2080 532 2168 πατὴρ
556 2080 693 2168 ἀνδρῶν
716 2106 750 2148 τε
772 2084 865 2175 θεῶν
888 2105 931 2146 τε.

20 2187 169 2277 σκληρὸν
194 2186 223 2256 δ’
248 2188 428 2274 ἐβρόντησε
451 2188 506 2254 καὶ
529 2186 683 2274 όβριμον,
705 2184 791 2272 ἀμφὶ
815 2184 852 2251 δέ
874 2198 954 2270 γαῖα

22 2296 229 2382 σμερδαλέον
251 2292 419 2379 κονάβησε
436 2294 492 2359 καὶ
511 2290 655 2379 οὐρανὸς
674 2288 773 2375 εὐρὺς
790 2288 950 2375 ῦπερθεν,
978 2308 1030 2358 840

21 2400 146 2479 πόντος
167 2397 192 2467 τ’
215 2398 377 2467 Ὠκεανοῦ
398 2425 434 2467 τε
457 2400 533 2485 ῥοαὶ
555 2398 611 2465 καὶ
633 2395 780 2484 τάρταρα
802 2402 907 2481 γαίης.

22 2505 124 2572 ποσσὶ
147 2503 177 2572 δ’
203 2502 260 2572 ὕπ’
286 2502 487 2572 ἀθανάτοισι
510 2504 611 2590 μέγας
634 2499 811 2589 πελεμίζετ’
826 2499 996 2588 ’Όλυμπος

23 2608 226 2697 ὀρνυμένοιο
249 2606 404 2688 άνακτος·
427 2607 657 2693 ὑπεστενάχιζε
681 2605 718 2673 δέ
740 2619 828 2692 γαῖα.

24 2720 134 2802 καῦμα
158 2713 189 2782 δ’
214 2711 271 2781 ὑπ’
297 2712 496 2802 ἀμφοτέρων
519 2713 654 2801 κάτεχεν
678 2714 803 2781 ἰοειδέα
826 2711 952 2779 πόντον

26 2825 168 2907 βροντῆς
180 2846 216 2889 τε
230 2824 393 2908 στεροπῆς
406 2846 451 2906 τε,
466 2820 571 2907 πυρός
585 2818 609 2887 τ’
626 2816 691 2886 ἀπὸ
705 2832 777 2887 τοῖο
791 2814 956 2905 πελώρου,
979 2838 1032 2887 845

29 2925 239 3014 [πρηστήρων
262 2923 397 3013 ἀνέμων
420 2952 454 2993 τε
476 2929 645 3013 κεραυνοῦ
667 2950 702 2991 τε
726 2926 974 3010 φλεγέθοντος]

29 3036 91 3111 έζεε
115 3032 152 3100 δὲ
174 3030 271 3119 χθών
294 3036 385 3099 πάσα
406 3031 462 3097 καὶ
485 3028 630 3117 οὐρανὸς
652 3026 713 3114 ῇδδ
735 3028 904 3097 θάλασσα·

28 3142 91 3205 θῦε
115 3136 146 3205 δ’
172 3136 222 3227 ἀρ’
247 3135 326 3225 ἀμφ’
348 3134 448 3215 ἀκτάς
466 3142 544 3222 περί
559 3134 583 3204 τ’
606 3134 695 3223 ἀμφί
715 3162 749 3203 τε
772 3135 901 3223 κόματα
924 3133 1033 3221 μακρά

30 3244 106 3331 ῥιπῇ
129 3241 183 3309 ῦτί
209 3242 403 3326 ἀθανάτων,
427 3247 536 3321 ἔνοσις
560 3240 591 3307 δ’
617 3238 780 3325 άσβεστος
802 3238 935 3325 ὀρώρει·

31 3346 149 3433 [τρέσσ
165 3346 286 3434 Ἀΐδης,
306 3348 450 3433 ἐνέροισι
467 3343 770 3433 καταφθιμένοισιν
790 3341 959 3430 ἀνάσσων,
982 3362 1034 3411 850

23 3454 167 3538 ΙΤιτῇυές
188 3452 221 3521 θ’
246 3451 495 3539 ὑποταρτάριοι,
519 3450 658 3540 Κρόνον
681 3447 785 3535 ἀμφὶς
808 3445 929 3534 ἐόντες,
