2517 4050
442 269 639 323 ΘΕΟΓΟΝΙΑ.

8 401 177 489 ὑμνεῦσαι
198 405 356 488 τέρπουσι
380 401 464 481 Διὸς
486 401 570 470 νόον
595 401 688 483 ἐντὸς
707 401 873 490 Ὀλύμπου

13 512 150 576 Μοῦσαι
169 505 396 594 Ὀλυμπιάδες,
419 511 540 594 κοῦραι
564 505 650 587 Διὸς
671 507 846 594 αἰγιόχοιο,

7 611 68 691 τάς
91 614 128 680 ἐν
153 618 273 700 Πιερίῃ
297 616 451 700 Κρονίδῃ
473 615 544 681 τέκε
566 614 665 701 πατρὶ
688 628 821 700 μιγεῖσα

7 716 237 803 Μνημοσύνη,
260 729 436 802 γουνοῖσιν
457 715 660 805 Ἐλευθῆρος
682 721 858 805 μεδέουσα,

8 821 229 909 λησμοσύνην
251 847 287 889 τε
309 826 421 890 κακῶν
444 820 605 910 ἄμπαυμά
626 849 662 890 τε
685 822 895 910 μερμηράων.
988 841 1022 891 55

10 927 109 994 ἐννέα
132 925 196 1013 γάρ
220 929 256 994 οί
276 926 398 1008 νύκτας
421 930 570 1015 ἐμίσγετο
594 934 729 1015 μητίετα
753 927 836 1007 Ζεύς

8 1032 138 1119 νόσφιν
161 1029 213 1099 ἀπ’
239 1029 421 1101 ἀθανάτων
445 1032 537 1122 ίερδν
560 1036 656 1120 λέχος
679 1039 935 1120 είςαναβαίνων·

10 1135 79 1205 ἀλλ’
106 1135 161 1206 ὅτε
184 1135 227 1223 δή
250 1136 281 1225 ῥ’
307 1136 458 1217 ἐνιαυτὸς
481 1143 551 1224 ἐην,
573 1139 649 1226 περὶ
673 1137 702 1205 δ’
728 1144 870 1226 ἔτραπον
893 1130 988 1225 ὧραι,
1113 1202 1117 1208 .

10 1245 129 1328 μηνῶν
153 1241 363 1328 φθινόντων,
385 1244 460 1329 περὶ
483 1240 513 1309 δ’
538 1241 648 1329 ἤματα
670 1241 761 1311 πόλλ’
787 1245 956 1329 ἐτελέσθη,

9 1345 31 1432 ἡ
56 1343 85 1414 δ’
111 1344 188 1415 ἔτεκ’
214 1349 313 1416 ἐννέα
334 1350 458 1434 κούρας
480 1344 685 1434 ὁμόφρονας,
708 1339 787 1434 ήσιυ
809 1345 909 1432 ἀοιδή
990 1366 1024 1416 60

11 1454 199 1539 μέμβλεται,
223 1455 260 1520 ἐν
284 1451 466 1538 στήθεσσιν
489 1450 614 1538 ἀκηδέα
637 1441 752 1538 θυμόν
776 1450 939 1538 ἐχούσαις,

9 1557 139 1626 τυτθὸν
159 1555 212 1625 ἀπ’
236 1555 420 1645 ἀκροτάτης
441 1562 592 1646 κορυφῆς
613 1557 791 1645 νιφόεντος
810 1557 987 1644 Ὀλύμπου,

13 1667 98 1729 ἔνθα
123 1681 205 1748 σφιν
228 1666 366 1749 λιπαροί
384 1687 420 1730 τε
442 1663 537 1750 χοροὶ
560 1663 615 1730 καὶ
640 1662 775 1750 δώματα
796 1662 891 1731 καλά.

13 1765 92 1854 [πάρ
117 1765 146 1833 δ’
172 1764 275 1854 αὐτῇς
297 1765 436 1852 Χάριτές
459 1793 493 1834 τε
515 1768 570 1835 καὶ
585 1765 717 1855 Ἵμερος
736 1766 814 1835 οἰκί’
840 1773 987 1855 ἔχουσιν,

13 1874 49 1939 ἐν
71 1876 206 1959 θαλίης·
230 1868 350 1958 ἐρατὴν
374 1871 412 1939 δὲ
435 1869 491 1938 διά
514 1869 644 1959 στόματ’
666 1870 772 1940 ὄσσαν
796 1876 896 1940 ίεῖσαι
989 1890 1023 1940 65

12 1976 192 2063 μέλπονται
214 1974 350 2044 πάντων
372 2001 408 2045 τε
431 1975 557 2063 νόμους
579 1978 634 2045 καὶ
657 1975 745 2063 ήθεα
762 1976 865 2046 κεδνδι

11 2080 195 2149 ἀθανάτων
217 2088 398 2167 κλείουσιν,
422 2081 587 2169 ἐπήρατον
611 2079 717 2149 όσσαν
741 2087 864 2165 ἰεῖσαι]

12 2193 49 2255 αἲ
68 2184 133 2255 τότ’
160 2196 237 2254 ίσαν
260 2183 343 2271 πρὸς
357 2184 530 2271 ’Όλυμπον
553 2184 778 2272 ἀγαλλόμεναι
801 2184 857 2277 ὀπὶ
880 2191 975 2275 καλή,

11 2290 178 2380 ἀμβροσίη
201 2296 323 2379 μολπή·
346 2292 422 2378 περὶ
446 2288 475 2357 δ’
502 2299 572 2377 ίαχε
595 2304 675 2376 γαῖα
697 2292 838 2377 μέλαινα

13 2394 204 2484 ὑμνεύσαις,
228 2393 343 2483 ἐρατὸς
367 2395 404 2463 δὲ
425 2397 542 2463 ποδοῖν
564 2392 631 2462 ύπο
655 2397 782 2476 δούπος
804 2394 934 2485 όράρει,
989 2417 1023 2466 ‘10

13 2502 224 2589 νισσομένων
247 2504 371 2589 πατέρα
395 2498 448 2569 όν·
473 2498 490 2569 δ
515 2499 544 2567 δ’
565 2499 701 2592 ούρανῷ
725 2502 943 2588 ἐμβασιλεύει,

14 2605 112 2686 αὐτὸς
135 2611 219 2692 ἔχων
242 2604 389 2694 βροντήν
412 2604 467 2692 ἠδ’
493 2604 696 2673 αίθαλόεντα
718 2605 896 2694 κεραυνόν,

13 2711 126 2796 κάρτει·
146 2709 284 2797 νικήσας
306 2710 429 2796 πατέρα
448 2708 598 2797 Κρόνον·
622 2702 661 2777 εὖ
685 2709 722 2777 δέ
746 2712 864 2778 ἕκαστα

14 2814 196 2895 ἀθανάτοις
220 2817 367 2895 διέταξεν
390 2812 479 2901 ὁμῶς
501 2817 555 2883 καὶ
575 2817 741 2902 ἐπέφραδε
759 2814 863 2902 τιμάς.

13 2919 99 2988 ταῦτ’
121 2918 186 3007 ἀρα
200 2923 339 2987 Μοῦσαι
354 2917 469 2986 ἀειδον
480 2917 641 3006 Ὀλύμπια
656 2918 775 3005 δώματ’
793 2926 939 3007 ἔχουσαι,
989 2938 1024 2989 '15

16 3026 111 3092 ἐννέα
134 3025 315 3112 θυγατέρες
338 3022 486 3111 μεγάλου
509 3022 593 3103 Διὸς
617 3027 815 3111 ἐκγεγαυῖαι,

15 3128 123 3197 Κλειοέ
145 3127 171 3196 τ’
197 3128 349 3216 Εὐτέρπη
373 3154 419 3214 τε,
442 3128 564 3196 Θάλειά
588 3153 622 3196 τε
645 3132 849 3216 Μελπομένη
872 3154 917 3215 τε,
999 3182 1002 3186 .

19 3233 204 3322 Τερψιχόρη
227 3232 252 3302 τ’
275 3232 399 3321 Ἐρατώ
423 3260 468 3318 τε,
491 3231 671 3320 Πολύμνιά
693 3231 719 3301 τ’
746 3231 896 3321 Ούρανίη
919 3258 965 3318 τε,

15 3339 188 3424 Καλλιόπη
211 3336 262 3406 θ’·
285 3336 306 3424 ἣ
330 3338 368 3406 δὲ
390 3338 637 3427 προφερεστάτη
662 3339 751 3405 ἐστὶν
774 3335 937 3404 ἁπασέων.
994 3380 997 3384 -

15 3441 34 3530 ἣ
58 3444 121 3533 γὰρ
144 3446 199 3512 καλ
222 3448 417 3529 βασιλεῦσιν
440 3442 492 3531 ἀμ’
517 3448 699 3511 αίδοίοισιν
723 3440 849 3525 ὀπηδεῖ.
977 3460 1023 3509 -80

773 3546 809 3597 1*
