2517 4050
387 253 481 306 ΕΡΓΑ
498 255 561 306 ΚΑΙ
577 255 728 307 Ηωενει.
846 218 849 222 ’
1019 253 1061 315 85

48 385 198 474 ὀγδοάτη
221 385 251 456 τ’
277 387 375 475 ε’νάτη
399 411 445 457 τε·
470 389 540 458 δύω
563 415 600 475 γε
622 388 685 475 μὲν
708 387 817 475 ήματα
839 386 948 476 μηνὸς

48 492 134 580 ἔξοχ’
164 493 357 582 ἀεξομένοιο
380 495 542 581 βροτήσια
565 499 645 582 ε”ργα
667 496 842 562 πένεσθαι·
937 524 941 530 ·

49 599 211 687 ἑνδεκάτη
234 627 269 668 τε
293 600 483 688 δυωδεκάτη
506 599 549 686 τ’,
572 600 673 688 ἀμφω
696 627 734 686 γε
756 601 818 687 μέν
842 603 978 687 έοθλαί,

48 701 131 790 ήμὲν
159 705 210 786 όϊς
232 711 372 792 πείκειν,
395 704 452 792 ἠδ’
480 705 631 794 εύφρονα
652 696 782 793 ἀαρπδν
805 704 970 793 ἀμᾶσθαι·
1008 726 1059 775 σεο

49 807 68 894 ή
95 811 132 878 δὲ
159 811 352 897 δυωδεκάτη
376 815 434 897 τής
457 811 634 899 ἑνδεκάτης
656 809 728 899 μέγ’
754 809 911 898 ἀμείνων·

50 919 89 1003 τή
115 916 181 1004 γάρ
204 945 257 987 τοι
280 933 334 986 νεῖ
353 915 473 1005 νήματ’
500 916 739 1007 ἀερσιπότητος
761 914 907 1004 ἀράχνης

49 1021 178 1108 ήματος
202 1027 237 1092 έκ
260 1029 391 1110 πλείου,
416 1021 470 1092 ὅτε
495 1027 582 1109 ίδρις
605 1021 717 1108 σωρὸν
740 1020 870 1110 ἀμᾶται.

49 1131 88 1215 τῇ
116 1126 150 1194 δ’
176 1129 270 1198 ἱστὸν
293 1130 449 1217 στήσαιτο
472 1128 576 1217 γυνή,
597 1127 800 1215 προβάλοιτό
824 1155 858 1196 τε
881 1134 990 1216 ἔργον.

143 1304 306 1392 Μηνόςδ
325 1303 781 1394 ίσταμένουτριςκαιδεκάτην
795 1303 958 1373 ἀλέασθαι
1007 1326 1060 1376 ‘180

52 1411 238 1498 σπέρματος
260 1411 439 1499 ἄρξασθαι·
463 1409 551 1497 φυτά
575 1408 607 1477 δ’
632 1412 865 1500 ἐνθρέψασθαι
888 1409 1015 1498 ἀρίστη.

133 1585 234 1677 Ἕκτη
259 1587 290 1657 δ’
316 1586 337 1675 ή
361 1590 463 1675 μέσση
487 1587 563 1675 μάλ’
589 1585 786 1678 ἀσύμφορός
809 1591 877 1657 ἐστι
893 1602 1068 1701 φυτοῖσιν,

53 1690 264 1780 ἀνδρογόνος
288 1691 319 1761 δ’
345 1693 470 1782 ἀγαθή·
493 1693 597 1782 κούρη
622 1693 654 1761 δ’
681 1693 721 1763 ού
746 1693 921 1783 σύμφορος
944 1696 1048 1780 ἐστιν,

55 1796 132 1865 οὔτε
154 1802 314 1884 γενέσθαι
337 1797 441 1888 πρῶτ’
468 1799 539 1868 οὔτ’
565 1797 607 1887 ἀρ
631 1799 741 1886 γάμου
763 1799 989 1886 ἀντιβολῆσαι.

146 1972 235 2042 Ούδὲ
257 1974 318 2061 μέν
341 1971 361 2062 ἡ
385 1974 497 2062 πρώτη
522 1977 597 2060 ἕκτη
619 1973 761 2063 κούρησι
783 1976 942 2060 γενέσθαι
1007 1995 1059 2047 185

17 2092 18 2095 ’
55 2078 215 2165 ἀρμενος,
239 2076 312 2147 ἀλλ’
338 2082 476 2167 ἐρίφους
498 2077 636 2165 τάμνειν
658 2081 714 2145 καλ
736 2077 826 2146 πώεα
849 2079 980 2168 μήλων,

57 2183 161 2269 σηκόν
183 2182 212 2251 τ’
238 2183 439 2271 ἀμφιβαλεῖν
462 2182 643 2270 ποιμνήϊον
666 2182 766 2269 ήπιον
789 2176 895 2271 ἦμαρ·

59 2288 161 2376 ἐσθλή
186 2288 221 2357 δ’·
242 2288 463 2377 ἀνδρογόνος·
487 2289 593 2375 φιλέει
613 2290 653 2357 δέ
673 2315 708 2357 τε
730 2292 872 2377 κέρτομα
894 2290 1021 2378 βάζειν,

60 2394 180 2477 ψεύδεά
194 2394 231 2463 θ’
248 2398 424 2483 αἱμυλίους
440 2422 475 2464 τε
494 2394 615 2481 λόγους
637 2402 802 2484 κρυφίους
819 2395 848 2465 τ’
870 2395 1061 2485 ὀαρισμούς.

146 2570 266 2659 Μηνὸς
280 2571 312 2638 δ’
330 2570 473 2661 ὀγδοάτη
488 2572 617 2660 κάπρον
631 2575 686 2642 καὶ
700 2578 786 2660 βοῦν
802 2576 962 2660 ἐρίμυκον
1008 2594 1061 2643 790

63 2681 233 2767 ταμνέμεν,
257 2676 380 2765 ούρήας
405 2678 442 2746 δέ
465 2678 657 2767 δυωδεκάτη
680 2680 892 2767 ταλαεργούς.

145 2855 264 2923 Είκάδι
287 2852 319 2921 δ’
345 2857 381 2922 έν
405 2854 542 2943 μεγάλη,
565 2857 654 2945 πλέω
677 2854 788 2941 ήματι,
811 2862 928 2942 ἴστορα
951 2859 1046 2942 φῶτα

65 2966 246 3048 γείνασθαι·
269 2960 357 3047 μάλα
380 2960 443 3047 γάρ
467 2986 501 3028 τε
525 2959 607 3028 νόον
631 2964 881 3048 πεπυκασμένος
904 2966 1003 3030 ἔσται.

144 3136 265 3225 Ἐσθλή
282 3136 315 3203 δ’
332 3134 541 3223 ἀνδρογόνος
556 3136 687 3224 δεκάτη,
702 3137 820 3226 [κούρη
841 3139 880 3205 δέ
895 3165 930 3206 τε
948 3137 1063 3226 τετρὰς

67 3245 168 3329 μέσση.
189 3248 228 3333 τῇ
253 3246 292 3313 δέ
312 3270 347 3312 τε
369 3247 457 3330 μήλα
479 3244 534 3311 καὶ
558 3246 728 3324 εἰλίποδας
751 3247 859 3323 ἕλικας
881 3249 975 3330 βοῦς,
1009 3265 1061 3315 795

67 3352 116 3418 καί
135 3348 218 3418 κύνα
240 3349 493 3437 καρχαρόδοντα
515 3350 570 3417 καὶ
595 3348 721 3436 οὐρήας
742 3350 943 3438 ταλαεργοὺς

68 3457 217 3545 πρηΰνειν
241 3456 293 3523 ἐπὶ
318 3470 410 3543 χεῖρα
432 3462 561 3540 τιθείς]
608 3456 776 3542 πεφύλαξο
801 3455 838 3525 δὲ
860 3461 959 3550 θυμῷ
