2517 4050
204 200 246 262 46
621 199 791 250 ΗΣιοΔου

204 337 244 421 τῇ
268 335 357 418 ίκέλη
382 330 460 413 άςεί
479 359 514 400 τε
537 331 646 418 μάχην
671 333 836 400 ἐθέλουσα
857 329 1052 418 κορύσσειν,

206 444 300 524 ἔγχος
323 436 432 523 ἐχουσ’
459 439 509 506 ἐνί
532 438 616 523 χειρί
640 442 798 523 χρυσείην
820 462 855 504 τε
877 434 1100 524 τρυφάλειαν,

205 546 318 628 αίγίδα
340 542 369 611 τ’
395 541 477 629 ἀμφ’
503 540 617 629 ὤμοις·
655 542 708 608 ἐπὶ
741 540 771 607 δ’
806 539 908 632 ᾤχετο
932 540 1080 628 φύλοπιν
1106 545 1162 607 αί-

840 673 915 732 νην.

293 754 331 820 έν
341 750 373 819 δ’
384 745 428 838 ἦν
446 751 628 820 ἀθανάτων
648 749 736 837 ίερδς
754 750 866 837 χορός·
890 753 926 818 ἐν
946 749 977 817 δ’
998 749 1064 836 άρα
1074 751 1195 840 μέσσφ

205 857 338 944 ίμερύεν
360 856 510 941 κιθάριζε
534 854 619 934 Διὸς
640 857 696 923 καὶ
719 859 850 941 Λητούς
873 855 947 934 υίὸς

204 968 341 1050 χρυσείῃ
364 963 540 1048 φόρμιγγι·
564 965 670 1045 [θεῶν
693 959 725 1027 δ’
751 963 825 1040 ἕδος
848 958 950 1047 ἁγνὸς
961 959 1147 1048 Ὄλυμπος·

205 1070 242 1136 έν
265 1066 296 1134 δ’
322 1066 443 1155 άγορη,
466 1068 542 1153 περὶ
566 1066 598 1133 δ’
626 1065 726 1160 ὄλβος
748 1065 916 1153 άπείριτος
939 1065 1151 1151 ἐστεφάνωτο

205 1171 385 1241 ἀθανάτων
408 1174 445 1240 έν
467 1171 601 1258 ἀγῶνα]
625 1174 704 1240 θεαὶ
727 1170 759 1238 δ’
785 1175 924 1260 ἐξῆρχον
946 1170 1064 1259 άοιδης
1162 1190 1214 1239 205

204 1283 343 1348 Μοῦσαι
365 1281 534 1364 Πιερίδες,
557 1275 634 1364 λιγύ
657 1279 863 1365 μελπομένῃς
886 1282 1015 1345 είκυῖαι.

293 1385 329 1452 έν
353 1383 389 1451 δὲ
412 1380 512 1470 λιμὴν
535 1380 678 1468 εύορμος
700 1380 937 1468 ἀμαιμακέτοιο
960 1380 1137 1468 θαλάσσης

202 1487 401 1576 κυκλοτερὴς
424 1490 573 1556 ἐτέτυκτο
595 1488 776 1573 πανέφθου
798 1490 1021 1572 κασσιτέροιο,

203 1596 390 1684 κλυζομένῳ
414 1601 537 1671 ίκελος·
558 1596 681 1659 πολλοί
701 1618 738 1677 γε
761 1591 823 1678 μέν
845 1588 892 1678 άμ
914 1594 1017 1680 μέσον
1041 1591 1149 1660 αύτού

206 1704 373 1785 [δελφῖνες
393 1701 433 1785 τῇ
457 1698 511 1764 καί
533 1700 572 1784 τῇ
597 1695 742 1764 ἐθύνεον
767 1696 980 1782 ἰχθυάοντες,
1160 1718 1211 1766 210

204 1804 402 1890 νηχομένοις
425 1808 542 1868 ίκελοι·
566 1800 655 1868 δοιοί
679 1798 710 1866 δ’
735 1798 1023 1886 άναφυσιόωντες]

203 1905 361 1994 άργύρεοι
385 1909 539 1991 δελφῖνες
562 1906 707 1990 ἐφοίτων
731 1910 870 1985 ἔλλοπας
893 1911 1000 1992 ἰχθύς.

203 2017 271 2081 τῶν
295 2011 326 2080 δ’
351 2010 416 2081 ύπο
439 2008 585 2098 χάλκειοι
607 2010 705 2096 τρέον
729 2009 857 2095 ἰχθύες·
880 2010 985 2100 αύτδιρ
1009 2010 1060 2080 ἐπ’
1085 2010 1200 2094 άκταῖς

203 2110 284 2204 ἧστο
308 2116 393 2206 ἀνὴρ
417 2114 529 2195 ἁλιεύς
552 2116 786 2201 δεδοκημένος·
811 2115 877 2203 εἶχε
901 2118 938 2185 δὲ
961 2120 1077 2204 χερσὶν

205 2222 342 2309 ίχθύσιν
365 2220 633 2308 ἀμφίβληστρον,
656 2218 877 2307 ἀπορρίψοντι
900 2221 1023 2301 ἐοικώς.
1158 2243 1208 2291 215

293 2330 329 2395 έν
353 2326 383 2394 δ’
408 2320 452 2413 ἦν
475 2325 628 2412 ἠύκόμου
648 2324 786 2412 Δανάης
808 2328 916 2411 τέκος,
935 2325 1056 2395 ίππότα
1078 2336 1166 2416 Περ-

838 2431 929 2517 σεύς,

207 2535 292 2623 [οὔτ’
317 2535 371 2623 ἄρ’
397 2534 570 2616 ἐπιψαύων
592 2535 710 2615 σάκεος
731 2538 831 2605 ποσὶν
856 2536 934 2605 οὔθ’
961 2537 1036 2617 ἑκάς
1059 2538 1178 2624 αὐτοῦ,

204 2646 320 2728 θαῦμα
343 2642 426 2727 μέγα
449 2639 642 2728 φράσσασθ’
668 2643 737 2709 ἐπεί
761 2640 892 2731 ούδαμῇ
916 2642 1097 2728 ἐστήρικτο.

203 2744 267 2825 τάς
288 2746 353 2832 γάρ
376 2774 434 2833 μιν
457 2744 622 2831 παλάμαις
645 2748 737 2826 τεῦξε
758 2744 879 2824 κλυτὸς
898 2744 1124 2833 Ἀμφιγυήεις]

204 2851 355 2940 χρύσεος·
377 2849 463 2939 άμφὶ
488 2850 524 2918 δὲ
546 2851 668 2919 ποσσὶν
692 2856 743 2936 έχε
765 2850 945 2937 πτερόεντα
967 2855 1094 2921 πέδιλα.
1156 2872 1205 2920 κνο

205 2955 345 3043 ὤμοισιν
370 2958 410 3023 δέ
429 2983 487 3044 μιν
510 2954 596 3042 άμφί
619 2955 823 3042 μελάνδετον
845 2949 908 3044 άορ
933 2962 1036 3025 έκειτο

204 3060 344 3148 χάλκεον
367 3064 402 3129 ἐκ
424 3064 625 3147 τελαμῶνος·
649 3058 667 3127 ὁ
691 3059 723 3127 δ’
749 3059 828 3140 ὥςτε
850 3060 950 3148 νόημ’
976 3064 1128 3131 ἐποτᾶτο·

203 3170 270 3234 πᾶν
294 3165 331 3234 δὲ
354 3164 562 3253 μετάφρενον
585 3162 651 3251 εἶχε
672 3164 758 3252 κάρη
782 3169 908 3233 δεινοῖο
931 3166 1099 3254 πελώρου,

204 3275 362 3358 Γοργούς·
386 3269 470 3356 άμφί
496 3270 536 3339 δέ
556 3298 614 3357 μιν
637 3276 759 3356 κίβισις
780 3271 856 3355 θέε,
878 3275 994 3357 θαῦμα
1017 3273 1164 3356 ἰδέσθαι,

204 3374 363 3461 άργυρὲη·
386 3373 534 3444 θύσανοι
558 3375 595 3443 δὲ
616 3380 846 3463 κατηωρεύντο
870 3382 1020 3460 φαεινοί,
1153 3395 1200 3442 κατ
