2517 4050
186 252 227 317 58
292 296 297 306 .
602 253 770 304 ΗΣΙΟΔΟΤ

188 391 267 474 ἔργα
291 389 382 471 βοῶν
406 384 437 453 δ’
463 384 620 453 ἀπόλοιτο
644 386 698 452 καὶ
722 385 872 473 ἡμιόνων
895 392 1098 473 ταλαεργῶν.

186 490 270 560 ἀλλά
295 489 378 570 Ζεὺς
401 496 522 578 ἔκρυψε
545 489 778 577 χολωσάμενος
800 492 919 578 φρεσὶν
942 484 1037 580 ήσιν,

187 595 256 666 ὅττι
279 623 337 684 μιν
361 596 539 682 ἐξαπάτησε
563 594 769 682 Προμηθεύς
791 594 1035 682 ἀγκυλομήτης·

186 698 315 770 τούνεκ’
341 699 394 789 ἀρ’
420 699 654 788 ἀνθρῶποισιν
676 693 817 786 ε’μήσατο
841 699 943 786 κήδεα
966 701 1081 789 λυγρά.

187 807 292 896 κρύψε
316 806 353 875 δὲ
375 810 454 894 πῦρ·
476 805 514 874 τὸ
537 806 598 894 μὲν
622 798 716 885 αὖτις
739 803 795 884 ε’ύς
816 820 893 885 παῖς
912 804 1071 875 Ἰαπετοῖο
1166 826 1202 874 50
1233 806 1234 899 χ

188 910 298 995 ἔκλεψ’
323 908 536 996 ἀνθρώποισι
560 909 645 988 Διὸς
666 910 755 996 πάρα
778 909 969 997 μητιόεντος
1233 902 1234 917 ³

188 1020 225 1086 έν
247 1021 348 1106 κοίλῳ
371 1013 533 1100 νάρθηκι,
557 1013 674 1082 λαθῶν
698 1020 766 1081 Δία
788 1017 1056 1101 τερπικέραυνον.
1233 1032 1235 1155 Ι

187 1120 246 1190 τὸν
270 1120 308 1189 δέ
330 1120 562 1207 χολωσάμενος
583 1122 730 1206 προςέφη
754 1122 994 1207 νεφεληγερέτα
1018 1121 1120 1201 Ζεύς·
1233 1158 1235 1193 r

273 1224 509 1311 Ἰαπετιονίδη,
533 1225 668 1293 πάντων
692 1227 766 1311 πέρι
790 1225 896 1312 μήδεα
918 1225 1031 1312 είδῶς,
1233 1220 1235 1325 J

187 1336 311 1420 χαίρεις
327 1335 393 1418 πύρ
407 1333 529 1411 κλέψας
551 1331 606 1397 καὶ
630 1328 708 1415 ἐμάς
730 1332 856 1414 φρένας
877 1328 1119 1418 ἠπεροπεύσας,
1161 1351 1195 1398 55

189 1443 246 1505 σοί
265 1435 293 1505 τ’
320 1434 408 1527 αὐτῶ
433 1437 515 1522 μέγα
538 1439 629 1522 πήμα
652 1435 707 1501 καὶ
731 1433 896 1522 ἀνδράσιν
919 1438 1144 1523 ἐσσομένοισι·

187 1556 257 1621 τοῖς
280 1539 313 1608 δ’
340 1538 404 1626 ἔγῶ
431 1539 507 1607 ἀντὶ
529 1537 636 1626 πυρός
659 1539 756 1607 δῶσω
779 1537 883 1606 κακὸν
907 1531 933 1631 ᾧ
956 1567 1014 1608 κεν
1037 1540 1182 1620 ἅπαντες
1233 1582 1234 1591 ¹

187 1649 370 1734 τέρπωνται
392 1645 474 1713 κατὰ
496 1643 611 1731 θυμὸν
636 1643 694 1713 έδν
716 1644 820 1713 κακὸν
843 1644 1116 1733 ἀμφαγαπῶντες.

268 1749 329 1830 Ὣς
340 1747 448 1837 ἔφατ’·
463 1752 497 1817 ίκ
509 1749 540 1816 δ’
554 1751 707 1836 ἐγέλασσε
721 1749 827 1837 πατὴρ
840 1749 976 1838 ἀνδρῶν
990 1779 1025 1820 τε
1038 1757 1130 1821 θεῶν
1146 1773 1193 1820 τε·
1233 1770 1234 1803 ³

190 1857 390 1944 [Ἥφαιστον
415 1851 446 1922 δ’
473 1857 621 1924 ἐκέλευσε
644 1854 842 1943 περικλυτὸν
866 1855 886 1923 ό
909 1884 958 1925 ττι
980 1857 1117 1944 τάχιστα
1163 1878 1196 1924 60
1233 1810 1235 1923 δ

187 1977 287 2052 γαῖαν
310 1961 383 2031 ύδει
407 1962 544 2050 φύρειν,
569 1964 605 2030 ἔν
629 1960 660 2029 δ’
686 1961 872 2049 ἀνθρώπου
895 1964 1000 2050 θέμεν
1024 1962 1132 2052 αύδήν

187 2071 242 2139 καὶ
266 2071 402 2155 σθένος,
426 2067 610 2147 ἀθανάτοις
634 2067 671 2136 δέ
693 2078 787 2146 θεοῖς
809 2074 856 2147 είς
879 2060 952 2135 ῶπα
975 2071 1097 2137 ἐίσκειν

187 2179 392 2265 παρθενικής
414 2174 517 2244 καλὸν
541 2172 645 2258 εἶδος,
669 2173 845 2260 ἐπήρατον·
869 2171 973 2260 αὐτὰρ
994 2173 1141 2261 Ἀθήνην
1233 2211 1234 2216 ¹

189 2287 268 2370 ἔργα
292 2284 505 2366 διδασκῆσαι,
529 2282 777 2347 πολυδαίδαλον
802 2277 895 2347 ίστδν
917 2277 1089 2364 ὑφαίνειν·

187 2388 243 2454 καὶ
266 2384 364 2472 χάριν
388 2381 547 2470 ἀμφιχέαι
569 2386 695 2469 κεφαλή
719 2385 863 2469 χρυσέην
884 2382 1105 2472 Ἀφροδίτην,
1158 2402 1188 2453 65
1233 2405 1234 2410 ’

187 2494 242 2561 καί
265 2490 377 2559 πόθου
401 2486 566 2575 ἀργαλέον
589 2488 643 2554 καὶ
667 2487 869 2575 γυιοβόρους
892 2493 1093 2575 μελεδῶνας·

189 2602 226 2667 ἔν
249 2596 286 2664 δὲ
307 2595 412 2681 θέμεν
434 2593 558 2661 κύνεόν
581 2620 617 2661 τε
640 2592 724 2661 νόον
745 2594 801 2660 καὶ
825 2596 1002 2662 ἐπίκλοπον
1025 2586 1112 2680 ήθος
1199 2676 1202 2683 ,
1233 2595 1234 2678 ζ

182 2701 338 2791 Ἑρμείαν
360 2698 483 2785 ήνωγε,
507 2698 686 2785 διάκτορον
706 2697 952 2785 Ἀργειφόντην.

267 2804 328 2885 Ὧς
347 2803 463 2891 ἔφαθ’·
487 2808 522 2873 οί
543 2803 575 2872 δ’
601 2808 759 2872 ἐπίθοντο
775 2805 834 2870 Διὶ
849 2810 1023 2890 Κρονίωνι
1046 2804 1181 2888 ἀνακτι]
1233 2817 1234 2838 ³

188 2911 304 2981 αὐτίκα
328 2909 359 2977 δ’
386 2911 420 2977 ἔκ
443 2915 538 2996 γαίης
560 2910 685 2978 πλάσσε
707 2907 826 2988 κλυτὸς
845 2908 1058 2997 Ἀμφιγυήεις
1158 2931 1187 2980 ῖο
1233 2989 1234 2992 ¹

188 3018 346 3107 παρθένῳ
370 3019 482 3103 αἰδοίη
507 3023 618 3083 ίκελον
641 3019 816 3102 Κρονίδεω
841 3014 897 3081 διὰ
920 3016 1059 3100 βουλάς·
1233 3027 1234 3038 ’

189 3128 269 3205 ζῶσε
293 3122 330 3189 δέ
351 3122 407 3189 καί
428 3121 576 3207 κόσμησε
599 3119 665 3187 θεά
689 3124 876 3205 γλαυκῶπις
896 3118 1036 3207 Ἀθήνη·

187 3228 275 3316 ἀμφὶ
298 3229 337 3295 δέ
359 3229 393 3295 οί
413 3226 553 3314 Χάριτές
574 3252 609 3294 τε
632 3228 710 3294 θεαὶ
732 3228 787 3293 καὶ
810 3224 931 3293 πότνια
954 3226 1072 3295 Πειθῶ

188 3333 314 3421 ὅρμους
335 3338 511 3420 χρυσείους
534 3338 657 3401 ἔθεσαν
681 3338 769 3420 χροΐ·
793 3330 879 3418 ἀμφὶ
902 3330 940 3399 δὲ
962 3331 1062 3419 τήνγε

181 3430 279 3525 Ὧραι
302 3446 496 3526 καλλίκομοι
519 3440 643 3525 στέφον
668 3438 811 3506 άνθεσιν
835 3441 1027 3523 εἰαρινοῖσι·
1158 3454 1184 3503 75
1233 3433 1234 3438 ¹
