2517 4050
219 249 263 313 42
637 249 805 302 ΗΣιοιον

221 373 241 470 ή
264 408 296 451 τι
319 379 386 470 μέγ’
411 379 606 461 ἀθανάτους
627 381 786 470 μάκαρας,
808 385 861 453 τοὶ
873 381 1047 467 Ὄλυμπον
1071 384 1230 465 ἐχουσιν,

221 485 333 574 ήλιτεν
354 484 574 575 Ἀμφιτρύων,
599 485 645 555 ὅτ’
671 490 877 576 ἐύστέφανον
900 488 976 555 ποτὶ
999 485 1115 572 Θήβην
1192 501 1228 550 8ο

220 583 305 678 ήλθε
328 591 433 661 λιπών
461 598 644 680 Τίρυνθον,
667 595 861 678 ἐϋκτίμενον
884 597 1099 676 πτολίεθρον,

220 703 349 778 κτείνας
369 696 597 783 Ἠλεκτρύωνα
619 700 711 782 βοών
736 694 816 764 ἕνεκ’
842 695 1098 783 εὐρυμετώπων·

220 806 308 872 ίκετο
333 801 364 870 δ’
390 805 424 883 ἐς
446 807 612 888 Κρείοντα
635 803 690 869 καὶ
707 798 867 888 Ἠνιόχην
889 801 1112 885 τανύπεπλον,

213 910 258 990 ,οί
277 906 319 996 βά
342 934 401 995 μιν
422 905 607 994 ήσπάζοντο
630 908 686 974 καὶ
708 905 836 994 ἄρμενα
858 906 965 975 πάντα
988 918 1159 993 παρεῖχον,

220 1009 241 1099 ή
265 1015 340 1098 δίκη
365 1009 433 1080 ἐσθ’
459 1013 594 1100 ίκέτησι,
617 1017 692 1080 τίον
716 1010 748 1079 δ’
773 1011 840 1098 ἄρα
862 1011 987 1098 κηρόθι
1010 1015 1147 1097 μᾶλλον.
1191 1027 1241 1165 85!

222 1120 280 1199 ζῶε
304 1115 334 1184 δ’
360 1115 584 1204 ἀγαλλόμενος
607 1115 671 1184 σὺν
694 1116 853 1207 ἐύσφύρφ
873 1115 1114 1202 Ἠλεκτρυώνῃ,

220 1212 243 1312 ή
265 1220 388 1314 ἀλόχφ·
410 1221 493 1309 τύχα
517 1220 547 1290 δ’
573 1220 678 1308 ἄμμες
700 1224 931 1310 ἐπιπλομένων
953 1224 1118 1289 ἐνιαυτῶν

220 1326 388 1415 γεινόμεθ’
414 1325 489 1397 ούτε
512 1327 604 1414 φυήν
627 1329 810 1412 ἐναλίγκιοι
835 1326 911 1396 οὔτε
932 1327 1054 1413 νόημα,

220 1429 280 1511 σός
300 1457 335 1500 τε
357 1431 463 1521 πατὴρ
486 1434 541 1502 καὶ
564 1431 647 1518 ἐγώ·
669 1437 730 1500 τοῦ
753 1433 813 1519 μὲν
837 1435 964 1521 φρένας
986 1433 1111 1512 ἐξέλετο
1126 1429 1217 1514 Ζεύς,

221 1531 259 1615 δς
290 1536 461 1624 προλιπών
494 1537 657 1625 σφέτερόν
690 1564 725 1606 τε
756 1537 863 1625 δόμον
896 1536 1078 1625 σφετέρους
1107 1562 1144 1604 τε
1174 1562 1221 1603 το-

852 1648 935 1730 κήας
1192 1659 1221 1707 90

221 1743 334 1840 ᾤχετο,
356 1746 504 1834 τιμήσων
527 1744 728 1834 ἀλιτήμενον
751 1747 950 1835 Εύρυσθήα,

221 1852 381 1935 σχέτλιος·
403 1843 424 1938 ή
449 1876 514 1920 που
537 1850 642 1921 πολλὰ
666 1851 936 1940 μετεστοναχίζεέ
963 1851 1090 1921 ὀπίσσω

220 1951 264 2042 ἣν
287 1952 369 2042 ἄτην
392 1952 513 2042 ἀχέων·
536 1954 556 2043 ή
581 1954 612 2025 δ’
640 1954 681 2026 ού
705 1956 944 2044 παλινάγρετός
967 1959 1067 2026 ἐστιν.

220 2058 325 2149 αὐτὰρ
348 2064 421 2151 ἐμοὶ
444 2066 573 2151 δαίμων
597 2069 759 2150 χαλεποὺς
784 2061 957 2131 ἐπετέλλετ’
982 2062 1137 2143 ἀέθλους.

221 2158 248 2235 οό
271 2172 379 2254 φίλος,
402 2166 485 2237 ἀλλά
509 2168 551 2237 σὺ
573 2173 706 2237 θᾶσσον
730 2166 771 2256 ἔχ’
796 2166 876 2255 ήνία
898 2168 1114 2254 φοινικόεντα
1190 2187 1220 2235 95

222 2276 330 2342 ἵππων
354 2270 555 2343 ὠκυπόδων
578 2275 662 2361 μέγα
684 2274 721 2342 δὲ
745 2275 844 2360 φρεσὶ
866 2273 996 2361 θύρσος
1017 2272 1125 2355 ἀέξων
1245 2313 1246 2362 3

222 2377 301 2460 ίθύς
324 2385 410 2466 ἔχειν
433 2378 521 2447 θοὸν
544 2377 634 2465 ἄρμα
656 2381 712 2447 καὶ
735 2377 921 2446 ὠκυπόδων
945 2382 1069 2459 σθένος
1091 2385 1211 2463 ἵππων,
1245 2383 1246 2394 ’

221 2482 327 2571 μηδὲν
349 2481 549 2562 ὑποδδείσας
570 2482 697 2552 κτύπον
709 2482 827 2571 ’Ἄρεος
848 2482 1093 2570 ἀνδροφόνοιο,

221 2585 259 2669 δς
280 2592 346 2657 νῦν
368 2587 534 2674 κεκληγώς
555 2596 782 2675 περιμαίνεται
807 2587 898 2675 ἱερὸν
921 2587 1024 2668 ἄλσος

224 2698 353 2777 Φοίβου
373 2691 590 2779 Ἀπόλλωνος,
614 2696 847 2781 ἑκατηβελέταο
870 2693 1023 2773 ἄνακτος·
1176 2714 1223 2761 100

220 2790 241 2885 ή
265 2796 331 2887 μήν
353 2800 408 2866 καί
430 2799 587 2887 κρατερός
608 2824 670 2886 περ
693 2798 757 2867 ἐών
779 2798 876 2868 ἄαται
899 2802 1067 2885 πολέμοιο.

313 2901 379 2972 Τὸν
403 2902 435 2971 δ’
461 2897 540 2973 αὖτε
562 2907 753 2992 προςέειπεν
776 2902 952 2992 ἀμώμητος
973 2902 1112 2983 Ἰόλαος·

217 3008 339 3095 Ἠθεί,
362 3001 382 3095 ή
407 3008 495 3097 μύλα
518 3010 560 3097 δή
582 3037 614 3078 τι
637 3009 744 3097 πατήρ
768 3006 906 3097 ἀνδρῶν
928 3036 964 3077 τε
986 3014 1078 3077 θεῶν
1100 3035 1136 3078 τε
1222 3009 1227 3017 ’

219 3120 298 3206 τιμᾷ
320 3113 383 3203 σήν
406 3113 554 3201 κεφαλήν
577 3116 632 3183 καὶ
655 3115 793 3203 ταύρεος
813 3113 1054 3201 Ἐννοσίγαιος,

219 3218 258 3300 δς
280 3220 392 3307 Θήβης
413 3218 602 3307 κρήδεμνον
627 3226 692 3306 ἔχει
715 3219 833 3307 ῥύεταί
851 3245 887 3287 τε
909 3218 1031 3304 πόληα·
1176 3235 1222 3285 105

221 3320 295 3393 οἷον
319 3325 360 3412 δή
383 3326 438 3393 καὶ
460 3324 559 3393 τόνδε
582 3324 707 3412 βροτὸν
729 3323 892 3409 κρατερόν
915 3348 950 3389 τε
973 3324 1076 3410 μέγαν
1099 3348 1135 3391 τε

221 3429 281 3509 σάς
303 3436 350 3511 είς
372 3446 483 3519 χεῖρας
505 3431 659 3517 ἄγουσιν,
683 3434 740 3497 ἵνα
762 3429 858 3507 κλέος
880 3427 1005 3496 ἐσθλὸν
1029 3427 1138 3516 ἄρηαι.
