2517 4050
211 303 252 367 82
636 305 804 356 ΗΣΙΟΔΟΤ

212 438 253 509 οὐ
276 438 336 526 μὲν
360 438 423 526 γάρ
446 467 477 508 τι
499 436 658 525 γυναικὸς
680 436 765 526 άνηρ
789 438 905 525 ληίζετ’
931 438 1072 526 άμεινον

210 548 268 630 τῆς
290 543 434 631 άγαθης,
456 548 515 630 τῆς
539 543 570 611 δ’
596 536 674 612 αὖτε
696 550 798 631 κακῆς
821 544 862 614 οὐ
885 547 994 633 ῥίγιον
1016 544 1116 632 άλλο,

212 649 440 737 δειπνολόχης·
462 649 524 737 ἥτ’.
539 647 649 737 άνδρα
670 653 724 718 καὶ
748 651 895 739 ῖφθιμόν
910 648 977 738 ’περ
1000 651 1098 720 ἐόντα

212 754 280 822 εόει
303 753 380 846 άτερ
405 758 508 823 δαλοῦ
530 756 585 823 καὶ
608 754 686 848 ὠμῷ
709 756 812 844 γήραῖ
833 761 947 825 δῶκεν.
1038 841 1044 855 .
1162 780 1219 828 ⁷05

326 891 328 896 .
1024 898 1027 903 ,
1251 860 1252 899 ι

301 923 366 1014 [Εὖ
394 929 425 998 δ’
455 929 533 999 όπιν
560 929 741 1000 ἀθανάτων
772 931 930 1021 μακάρων
961 915 1219 1022 πεφυλαγμένος

790 1091 795 1099 .
841 1038 950 1123 εἶναι]

211 1213 310 1302 Μηδὲ
331 1213 517 1304 κασιγνήτῳ
542 1211 617 1280 ἶσον
640 1224 810 1282 ποιεῖσθαι
834 1217 979 1301 ἑταῖρον·

212 1324 244 1388 εί
266 1321 305 1387 δέ
324 1346 360 1387 κε
383 1319 539 1408 ποιήσῃς,
562 1318 607 1406 μή
631 1346 690 1406 μιν
711 1319 871 1406 πρότερος
891 1319 994 1389 κακόν
1018 1324 1120 1411 ἔρξης.

211 1427 294 1514 μηδὲ
318 1425 503 1506 ψεύδεσθαι
525 1425 677 1511 γλώσσης
698 1425 810 1513 χάριν·
829 1431 860 1494 εί
881 1426 918 1495 δὲ
941 1429 980 1496 σέ
1000 1426 1032 1513 γ’
1057 1428 1151 1515 άρχει

209 1531 230 1619 ἥ
254 1558 285 1599 τι
310 1535 386 1609 ἔπος
411 1527 512 1596 είπών
536 1527 729 1617 ἀποθύμιον
751 1529 790 1617 ἠὲ
811 1531 866 1599 καὶ
889 1534 998 1618 ἔρξας,
1161 1555 1212 1604 710

211 1739 312 1828 ἡγεῖτ’
339 1743 373 1820 ἐς
396 1739 571 1826 φιλότητα,
596 1743 693 1825 δίκην
717 1738 750 1806 δ’
776 1742 910 1826 ἑθέλησι
932 1757 1129 1829 παρασχεῖν,

212 1851 386 1929 δέξασθαι·
409 1838 518 1925 δειλός
540 1871 591 1913 τοι
615 1842 701 1932 ἀνὴρ
724 1851 825 1931 φίλον
848 1845 993 1914 άλλοθεν
1015 1847 1120 1916 άλλον

212 1967 368 2040 ποιεῖται,
391 1951 428 2020 σί
452 1950 489 2018 δὲ
511 1948 556 2038 μή
578 1977 610 2018 τι
633 1949 717 2018 νόον
739 1954 955 2038 κατελεγχέτω
980 1950 1076 2033 εἶδος.

212 2166 310 2253 Μηδὲ
331 2163 529 2244 πολύξεινον
552 2160 629 2248 μηδ’
655 2161 788 2242 άξεινον
810 2166 999 2250 καλέεσθαι,
1161 2187 1212 2236 ῖισ

214 2273 298 2362 μηδὲ
320 2274 431 2340 κακῶν
455 2272 573 2356 ἕταρον
596 2266 675 2354 μηδ’
701 2270 1040 2356 ε’σθλάννεικητηρα.

212 2467 313 2552 Μηδέ
332 2461 405 2532 ποτ’
432 2460 618 2549 οὐλομένην
640 2465 760 2546 πενίην
782 2463 1012 2551 θυμοφθόρον
1034 2462 1136 2551 άνδρί

211 2566 341 2638 τέτλαθ’
368 2566 557 2653 ὀνειδίζειν,
580 2565 739 2653 μακάρων
763 2566 860 2635 δόσιν
883 2568 957 2636 αίὲν
979 2569 1115 2639 ἐόντων.

211 2763 367 2849 Γλοίσσης
388 2788 441 2831 τοι
462 2758 637 2847 θησαυρὸς
659 2762 696 2828 έν
719 2758 950 2849 ἀνθρώποισιν
973 2762 1108 2849 άριστος

211 2872 384 2959 φειδωλῆς,
406 2873 540 2953 πλείστη
564 2865 601 2934 δὲ
624 2865 718 2953 χάρις
739 2866 820 2935 κατὰ
844 2868 966 2954 μέτρον
989 2868 1114 2955 ἰούσης.
1160 2888 1211 2937 7⁶20

215 3085 257 3149 Εί
278 3078 315 3149 δὲ
336 3076 440 3147 κακὸν
463 3086 582 3163 εἴποις,
604 3075 687 3164 τάχα
708 3075 740 3144 κ’
765 3073 864 3165 αὐτὸς
887 3084 999 3164 μεῖζον
1022 3077 1189 3160 άκοόσαις.

212 3290 311 3377 Μηδὲ
331 3290 531 3371 πολυξείνου
553 3286 666 3368 δαιτός
689 3290 916 3376 δνςπέμφελος
937 3286 1045 3371 εἶναι,

212 3398 247 3464 ἐκ
268 3399 400 3465 κοινοῦ·
422 3401 555 3483 πλείστη
580 3394 617 3463 δὲ
639 3392 733 3482 χάρις
756 3394 887 3480 δαπάνη
910 3391 941 3463 τ’
966 3392 1123 3485 ὀλιγίστη.
