2517 4050
229 232 272 294 24
645 234 813 287 ΗΣΙΟΔΟΤ

231 371 267 433 οἵ
285 365 359 434 τότε
386 366 560 454 Τιτήνεσσι
582 369 786 436 κατέσταθεν
810 371 846 435 ἐν
872 372 930 436 δαῒ
949 373 1073 458 λυγρῇ,

229 472 349 559 πέτρας
370 470 549 559 ἠλιβάτους
572 479 730 562 στιβαρῇς
752 475 789 543 έν
812 474 926 562 χερσὶν
949 479 1088 560 ἔχοντες.
1182 496 1222 543 σε

234 581 370 663 Τιτῆνες
394 576 425 645 δ’
451 579 615 664 ἑτέρωθεν
640 579 862 667 ἐκαρτύναντο
887 578 1060 666 φάλαγγας

229 685 461 771 προφρονέως,
484 689 607 773 χειρῶν
629 711 664 753 τε
686 691 762 771 βίης
783 683 821 753 θ’
846 683 915 772 ἅμα
939 690 1039 772 ἔργον
1062 690 1201 772 ἔφαινον

229 786 425 877 ἀμφότεροι·
450 789 565 857 δεινὸν
589 789 626 856 δὲ
649 795 783 878 περίαχε
805 789 927 870 πόντος
950 788 1112 877 ἀπείρων,

229 897 271 979 γῆ
296 893 333 961 δέ
355 893 426 981 μέγ’
453 895 699 984 ἐσμαράγησεν,
723 898 874 964 ἐπέστενε
898 894 929 963 δ’
956 894 1100 984 οὐρανὸς
1123 895 1218 985 εύρδς

229 999 415 1087 σειόμενος,
429 1001 577 1069 πεδόθεν
592 1000 624 1068 δ’
642 1001 831 1070 έτινάσσετο
845 999 1142 1088 μακρδςὍλυμπος
1183 1022 1229 1070 680

229 1107 309 1193 ῥιπῇ
332 1103 389 1173 ὕπ’
414 1103 612 1193 ἀθανάτων,
637 1112 747 1186 ἔνοσις
771 1105 802 1174 δ’
828 1111 922 1174 ἵκανε
943 1113 1062 1194 βαρεῖα

233 1212 405 1299 Τάρταρον
428 1209 604 1300 ηἐρόεντα,
628 1215 743 1279 ποδῶν
766 1210 795 1278 τ’
821 1216 933 1279 αίπεῑα
956 1210 1017 1298 ίωὴ

228 1313 373 1384 ἀσπέτου
396 1321 533 1404 ἰωχμοῖο
557 1317 691 1403 βολάων
715 1343 748 1385 τε
771 1316 977 1406 κρατεράων·

229 1419 274 1502 ὣς
295 1421 349 1511 ἀρ’
375 1421 425 1490 ἐπ’
451 1421 608 1510 ἀλλήλοις
630 1427 726 1491 ἵεσαν
749 1425 846 1508 βέλεα
869 1423 1058 1492 στονόεντα.

229 1526 325 1615 φωνὴ
350 1527 381 1595 δ’
406 1526 605 1616 ἀμφοτέρων
628 1526 709 1596 ἵκετ’
735 1526 882 1614 ούρανδν
905 1527 1106 1616 ἀστερόεντα
1183 1548 1229 1599 σεε

227 1634 450 1720 κεκλομένων·
473 1637 509 1701 οἵ
530 1632 567 1701 δέ
590 1633 731 1714 ξύνισαν
753 1633 883 1724 μεγάλφ
907 1633 1071 1726 ἀλαλητῷ.

229 1736 303 1807 οὐδ’
328 1736 382 1827 ἀρ’
409 1745 455 1806 ἔτι
480 1737 563 1818 Ζεύς
582 1737 673 1826 ίσχεν
698 1737 754 1807 ἑὸν
778 1740 879 1825 μένος
900 1737 984 1808 ἀλλά
1008 1766 1052 1808 νυ
1073 1746 1171 1827 τούγε

228 1843 326 1930 εἶθαρ
349 1843 411 1930 μέν
434 1845 550 1930 με’νεος
572 1849 697 1931 πλῆντο
722 1847 855 1932 φρένες,
879 1847 914 1913 ἐκ
938 1848 978 1914 δέ
997 1873 1032 1915 τε
1055 1851 1164 1915 πᾶσαν

228 1964 328 2037 φαῖνε
341 1955 433 2039 βίην·
447 1948 568 2039 ἀμυδις
582 1948 611 2018 δ’
627 1948 678 2039 ἀρ’
695 1949 747 2018 ἀπ’
765 1949 914 2040 ούρανοῦ
928 1949 981 2039 ηδ
997 1949 1051 2019 ἀπ’
1069 1950 1231 2040 Ὀλύμπου

227 2054 424 2145 ἀστράπτων
448 2062 570 2143 ἔστειχε
593 2057 806 2143 συνωχαδόν·
829 2061 864 2125 οἵ
885 2057 922 2125 δὲ
944 2059 1102 2144 κεραυνοὶ
1183 2078 1231 2127 690

229 2164 322 2251 ἴκταρ
345 2160 413 2251 ἅμα
435 2169 561 2253 βροντῇ
585 2190 620 2231 τε
643 2164 698 2231 καὶ
721 2160 887 2252 ἀστεροπῇ
910 2164 1069 2231 ποτέοντο

227 2266 336 2355 χειρὸς
358 2267 423 2336 ἀπο
448 2273 619 2358 στιβαρῆς,
645 2269 738 2358 ίερῆν
762 2268 872 2356 φλόγα
895 2268 1128 2355 εἰλυφόωντες,

227 2373 383 2459 ταρφέες·
406 2371 492 2459 ἀμφὶ
516 2373 553 2441 δὲ
576 2388 655 2459 γαῖα
678 2375 854 2461 φερέσβιος
876 2371 1092 2459 έσμαράγιζεν

226 2478 397 2564 καιομένη,
421 2476 499 2544 λάκε
522 2476 551 2543 δ’
576 2476 664 2564 ἀμφὶ
686 2479 767 2565 πυρὶ
790 2475 901 2563 μεγάλ’
927 2475 1068 2557 ἀσπετος
1090 2478 1163 2566 ύλη.

227 2588 292 2665 έζεε
316 2582 353 2651 δὲ
375 2581 470 2669 χθὼν
493 2586 582 2650 πάσα
603 2584 659 2650 καὶ
679 2582 849 2650 Ὠκεανοῖο
873 2585 1012 2671 ῥέεθρα,
1181 2604 1229 2653 695

226 2688 349 2769 πόντος
371 2686 396 2756 τ’
421 2687 614 2775 ἀτρύγετος·
637 2687 715 2768 τοὺς
738 2686 769 2756 δ’
795 2687 924 2776 ἀμφεπε
946 2689 1073 2778 θερμὸς
1091 2689 1203 2777 ,ἀύτμῆ

230 2798 371 2881 Τιτῆνας
393 2799 567 2881 χθονίους,
591 2793 676 2881 φλόξ
700 2792 733 2861 δ’
759 2792 841 2883 ῆέρα
865 2799 943 2863 δίαν
966 2800 1082 2864 ἵκανεν

225 2899 375 2985 ἀσπετος,
398 2898 477 2968 όσσε
501 2897 532 2966 δ’
557 2898 680 2987 ἀμερδε
702 2902 758 2968 καὶ
781 2905 934 2989 ἰφθίμων
956 2926 1016 2989 περ
1040 2901 1167 2969 ἐόντων

226 3005 312 3094 αύγῆ
335 3012 568 3095 μαρμαίρουσα
590 3012 757 3094 κεραυνοῦ
779 3034 814 3075 τε
837 3012 1001 3094 στεροπῆς
1022 3032 1066 3075 τε.

226 3116 336 3199 καῦμα
351 3111 388 3179 δέ
401 3113 583 3180 θεσπέσιον
597 3111 732 3200 κάτεχεν
746 3112 848 3192 Χάος·
864 3121 974 3179 εἵσατο
995 3110 1026 3179 δ’
1048 3111 1132 3180 ἀντα
1180 3132 1228 3181 ‘100

225 3216 455 3305 ὀφθαλμοῖσιν
478 3221 564 3285 ίδεῑν
586 3216 642 3306 ἠδ’
669 3217 788 3287 ούασιν
812 3217 917 3286 ὄσσαν
940 3216 1082 3286 ἀκούσαι

225 3322 343 3408 αὕτως,
367 3319 411 3402 ὡς
434 3320 488 3391 ὅτε
511 3328 596 3392 Γαῖα
618 3323 674 3391 καὶ
699 3320 853 3411 ούρανδς
875 3318 975 3410 εύρύς
997 3320 1144 3409 ὕπερθεν

224 3426 406 3496 πίλναινθ’.
430 3422 501 3509 οἵος
522 3428 586 3517 γάρ
608 3454 645 3496 κε
668 3430 820 3517 μέγιστος
843 3430 969 3507 δοῦπος
992 3425 1115 3516 όράροι
