2517 4050
226 241 264 303 12
650 240 818 293 ΗΣΙΟΔΟΤ

225 373 245 461 ἡ
269 375 308 443 δέ
330 380 497 462 Χίμαιραν
521 379 635 460 ἔτικτε,
657 375 826 442 πνέουσαν
850 371 1074 461 ἀμαιμάκετον
1098 384 1176 466 πῦρ,
1237 360 1238 421 λ

225 478 341 567 δεινήν
364 507 399 548 τε
422 479 569 567 μεγάλην
592 505 638 564 τε,
660 477 813 546 ποδώκεά
835 505 870 548 τε
892 480 1056 569 κρατερήν
1078 506 1123 550 τε.
1176 501 1239 552 320.

223 588 282 670 τῆς
301 583 331 650 δ’
357 576 401 671 ἦν
423 598 511 672 τρεῖς
533 589 688 670 κεφαλαί·
712 588 771 669 μία
793 583 854 669 μέν
877 600 1037 671 χαροποῖο
1060 589 1207 673 λέοντος,

223 687 243 776 ἡ
268 689 306 757 δὲ
328 694 492 776 χιμαίρης,
515 686 535 775 ἡ
560 686 590 754 δ’
617 687 725 774 ὄφιος,
747 701 921 776 κρατεροῖο
946 689 1137 778 δράκοντος,
1239 671 1241 791 λ

225 794 368 882 [πρόσθε
390 796 487 878 λέων,
511 791 632 860 ὄπιθεν
658 791 695 860 δέ
719 791 863 880 δράκων,
887 796 990 880 μέσση
1014 794 1052 862 δὲ
1070 801 1242 915 Χίμαιρα,

225 898 339 967 δεινὸν
362 897 592 966 ἀποπνείουσα
614 894 721 984 πυρὸς
743 899 843 983 μένος
862 901 1088 986 αἰθομένοιο]
1240 918 1241 925 ’

223 1002 284 1091 τὴν
308 1002 369 1090 μὲν
388 1002 548 1088 Πήγασος
566 996 633 1070 εἷλε
650 1001 705 1068 καλ
724 1000 846 1082 ἐσθλὸς
863 1004 1145 1092 Βελλεροφόντης.
1180 1025 1229 1074 325

222 1106 244 1193 ἡ
268 1106 298 1174 δ’
322 1106 387 1194 άρα
413 1104 483 1175 Φῖκ’
511 1105 614 1193 ὀλοὴν
638 1108 719 1192 τέκε,
742 1111 964 1195 Καδμείοισιν
988 1108 1146 1197 ὄλεθρον,

214 1211 329 1303 ’Όρθφ
352 1210 598 1298 ὑποδμηθεῖσα,
620 1210 804 1297 Νεμειαῖόν
826 1238 861 1280 τε
883 1216 1013 1298 λέοντα,

223 1317 283 1386 τόν
307 1316 336 1407 ῥ’
352 1317 439 1407 Ἥρη
463 1320 629 1406 θρέψασα,
653 1314 739 1395 Διὸς
760 1316 870 1405 κυδνὴ
891 1318 1096 1405 παράκοιτις,

223 1437 399 1509 γουνοῖσιν
421 1425 602 1490 κατένασσε
624 1427 778 1508 Νεμείης,
800 1426 893 1509 πῆμα
915 1429 1097 1510 βροτοῖσιν.

224 1526 295 1595 ἔνθ’
322 1525 378 1612 ὅγε
402 1532 534 1595 οίκείων
559 1529 749 1612 ἐλεφαίρετο
773 1525 848 1612 φῦλ’
873 1525 1078 1615 ἀνθρώπων,
1179 1552 1231 1600 330

223 1633 408 1717 κοιρανέων
435 1637 575 1716 Τρητοῖο
598 1635 744 1716 Νεμείης
766 1627 818 1715 ἠδ’
841 1629 1055 1712 Ἀπέσαντος·

225 1733 310 1802 άλλά
334 1736 350 1802 ε’
371 1738 402 1814 λς
425 1733 589 1822 εδάμασσε
611 1739 687 1820 βίης
705 1732 929 1821 Ἡρακληείης.

312 1838 412 1925 Κητὼ
437 1836 465 1905 δ’
491 1836 675 1907 ὁπλότατον
700 1838 815 1927 Φόρκυ
838 1839 991 1926 φιλότητι
1013 1857 1146 1929 μιγεῖσα

226 1949 358 2032 γείνατο
383 1941 498 2012 δεινὸν
521 1942 613 2030 όφιν,
638 1939 676 2023 δς
698 1946 848 2033 έρεμνοῖς
870 1943 1007 2013 κεύθεσι
1029 1953 1125 2035 γαίης

224 2057 377 2140 πείρασιν
401 2052 437 2119 ἐν
461 2050 604 2137 μεγάλης
625 2050 817 2140 παγχρύσεα
840 2056 928 2138 μῆλα
951 2053 1124 2139 φυλάσσει.
1179 2074 1231 2122 335

227 2162 338 2240 [τοῦτο
362 2156 424 2243 μέν
448 2157 483 2223 έκ
506 2160 640 2242 Κητοῦς
661 2157 716 2223 καὶ
742 2156 918 2244 Φόρκυνος
940 2159 1036 2243 γένος
1059 2160 1150 2241 ἐστί]

318 2468 431 2556 Τηθὺς
454 2466 482 2534 δ’
505 2466 651 2558 ’ίυιεανρῦ
674 2466 852 2554 Ποταμοὺς
874 2469 945 2535 τέκε
969 2466 1154 2555 δινήεντας,

228 2575 355 2645 Νεῖλόν
378 2573 403 2643 τ’
426 2571 580 2659 Ἀλφειόν
603 2598 638 2639 τε
660 2572 715 2638 καὶ
735 2568 916 2658 Ἠριδανὸν
938 2577 1143 2661 βαθυδίνην,

227 2679 421 2767 Στρυμόνα,
444 2676 649 2764 Μαίανδρόν
672 2702 707 2744 τε
727 2677 783 2743 καὶ
796 2676 930 2764 Ἵστρον
952 2682 1203 2767 καλλιρέεθρον,

230 2789 337 2854 Φᾶσίν
360 2811 394 2852 τε
412 2780 532 2868 Ῥῆσόν
555 2780 593 2867 τ’,
613 2779 790 2868 Ἀχελιόῖόν
808 2778 834 2849 τ’
859 2779 1088 2870 ἀργυροδίνην
1177 2805 1229 2854 340

225 2893 361 2959 Νέσσον
383 2915 428 2974 τε,
446 2886 579 2957 Ῥοδίον
601 2885 634 2954 θ’
654 2884 856 2974 Ἁλιάκμονά
879 2886 911 2955 θ’
932 2886 1141 2975 Ἑπτάπορόν
1164 2919 1209 2977 τε,

226 2993 394 3082 Γρήνικόν
416 2994 528 3062 τεκαὶ
551 3001 715 3079 Αἴσηπον,
739 2992 838 3060 θεῖόν
860 3019 895 3062 τε
918 2999 1102 3080 Σιμοῦντα,

228 3099 378 3186 Πηνειόν
401 3124 436 3167 τε
458 3098 513 3165 καλ
528 3096 666 3184 Ἕρμον,
690 3099 863 3185 ἐϋρρείτην
885 3124 920 3165 τε
943 3096 1085 3184 Κάῖκον,

227 3202 423 3291 Σαγγάριόν
446 3229 480 3271 τε
503 3204 619 3290 μέγαν,
643 3202 790 3271 Λάδωνά
812 3229 847 3271 τε
871 3204 1069 3292 Παρθένιόν
1091 3230 1137 3289 τε,

227 3308 364 3397 Εὔηνόν
388 3334 422 3376 τε
444 3309 499 3376 καλ
515 3306 715 3397 Ἄρδησκον,
737 3308 837 3376 θεῖόν
860 3334 895 3375 τε
914 3308 1149 3396 Σκάμανδρον.
1177 3329 1226 3378 345

320 3419 414 3482 Τι’κτε
437 3413 475 3481 δὲ
497 3416 694 3501 θυγατέρων
719 3412 811 3499 ἱερὸν
834 3416 941 3499 γένος,
965 3420 1003 3481 αἳ
1021 3412 1103 3482 κατά
1125 3430 1222 3501 γαῖαν
