2517 4050
200 261 242 326 84
624 260 793 314 ΗΣιοΔον

200 395 293 483 Μηδ’
319 395 382 466 ἀπὸ
407 395 625 485 χυτροπόδων
649 393 893 482 ἀνεπιρρέκτων
916 395 1080 463 ἀνελόντα

202 509 316 572 ἔσθειν
339 502 422 590 μηδὲ
445 503 597 593 λόεσθαι·
620 503 691 570 έπεὶ
713 503 768 569 καί
790 515 860 582 τοῖς
883 507 935 569 ἔπι
957 500 1069 589 ποινή.

202 713 296 800 Μηδ’
321 713 372 783 ἐπ’
396 713 583 801 ἀκινήτοισι
605 715 797 800 καθιζέμεν,
822 710 863 781 ού
885 711 947 799 γὰρ
970 711 1123 799 ἀμεινον,
1152 733 1211 782 750

203 824 319 904 [παῖδα
342 824 605 905 δυωδεκαταῖον,
628 816 678 887 ὅτ’
703 816 795 906 ἀνέρ’
821 816 972 904 ἀνήνορα
994 832 1099 904 ποιεῖ,

202 924 286 1013 μηδὲ
310 925 584 1012 δυωδεκάμηνον·
608 933 684 992 ἴσον
707 925 763 991 καὶ
785 928 884 992 τοῦτο
906 927 1080 1007 τέτυκται]

203 1031 289 1118 μηδὲ
310 1037 487 1122 γυναικείῳ
511 1035 639 1123 λουτρῷ
664 1029 746 1116 χρόα
769 1029 1020 1117 φαιδρύνεσθαι

203 1135 319 1223 ἀνέρα·
342 1139 502 1222 λευγαλέη
525 1135 588 1222 γάρ
612 1136 665 1204 ἐπὶ
688 1134 813 1222 χρόνον
836 1133 902 1202 ἔστ’
928 1135 980 1203 ἐπὶ
1002 1136 1059 1202 καί
1080 1139 1126 1227 τῷ

203 1240 313 1328 ποινή.
358 1240 436 1328 μηδ’
461 1245 602 1331 ἱεροῖσιν
625 1239 675 1308 ἐπ’
701 1243 913 1327 αἰθομένοισι
935 1241 1082 1328 κυρήσας
1157 1262 1210 1310 755
1247 1296 1248 1315 1

204 1344 370 1433 μωμεύειν
393 1345 526 1432 ἀίδηλα·
549 1345 631 1424 θεός
652 1372 705 1413 τοι
727 1345 782 1412 καί
804 1343 844 1413 τά
861 1337 1021 1437 νεμεσσᾷ.
1247 1344 1248 1347 “

143 1619 145 1623 ,
205 1560 308 1643 Μηδέ
327 1554 402 1626 ποτ’
428 1559 465 1624 έν
487 1553 614 1644 τίρογοή
637 1561 794 1644 ποταμῶν
817 1555 920 1625 ἅλαδε
942 1557 1172 1646 προρεόντων,

113 1669 117 1678 ’
205 1661 282 1751 μηδ’
309 1664 361 1730 ἐπὶ
382 1660 540 1749 κρηνάων
564 1660 695 1751 οὐρεῖν,
717 1661 805 1749 μύλα
828 1660 859 1763 δ’
885 1665 1096 1744 ἐξαλέασθαι·
1247 1660 1248 1683 ³

204 1765 282 1855 μηδ’
308 1767 546 1854 ἐναποψύχειν·
568 1765 606 1835 τό
630 1765 693 1854 γάρ
717 1766 809 1836 οὗτοι
831 1768 934 1837 λιόῖόν
958 1771 1059 1838 ε’στιν.

198 1970 272 2047 Ὧδ’
299 1982 421 2068 έρδειν·
446 1976 561 2065 δεινὴν
586 1977 623 2048 δὲ
645 1981 777 2083 βροτῶν
798 1975 961 2047 ὑπαλεύεο
979 1978 1110 2068 φήμην.
1157 2001 1208 2050 760
1247 1980 1248 2011 ¹

205 2085 298 2173 φήμη
321 2084 384 2173 γάρ
406 2111 442 2153 τε
464 2084 546 2172 κακή
569 2086 700 2153 πέλεται
722 2082 833 2171 κούφη
856 2084 918 2173 μὲν
941 2084 1049 2172 ἀεῖραι
1247 2101 1248 2178 J

205 2194 277 2280 ῥεῖα
300 2189 390 2279 μόλ’,
414 2190 557 2279 ἀργαλέη
583 2189 620 2258 δέ
642 2192 773 2277 φέρειν,
796 2190 919 2277 χαλεπή
944 2190 975 2257 δ’
1000 2190 1203 2261 ἀποθέσθαι.
1247 2201 1248 2248 ἐ

208 2372 304 2489 Φήμη
330 2399 360 2468 δ’
387 2399 478 2481 ούτις
500 2400 638 2493 πάμπαν
660 2400 858 2488 ἀπόλλυται,
881 2401 1000 2490 ήντινα
1022 2402 1141 2471 πολλοὶ

205 2511 281 2577 λαοὶ
303 2510 493 2601 φημίζονσί·
517 2506 598 2586 θεός
621 2506 666 2575 νύ
687 2513 737 2586 τίς
759 2510 827 2576 ἐστι
849 2508 904 2575 καί
927 2506 1020 2595 αύτή.
1123 2592 1128 2600 .

282 2716 414 2804 Ἤματα
429 2716 459 2784 δ’
477 2719 512 2785 ἐκ
526 2716 658 2785 Διόθεν
672 2726 924 2805 πεφυλαγμένος
938 2711 976 2787 εὖ
989 2717 1071 2787 κατά
1085 2734 1205 2806 μοῖραν

205 2824 415 2911 πεφραδέμεν
439 2822 584 2909 δμώεσσι
605 2823 767 2911 τριηκάδα
790 2823 895 2911 μηνὸς
917 2822 1057 2911 ἀρίστην
1157 2846 1205 2894 τοο

209 2935 289 3016 ἔργα
310 2926 339 2997 τ’
365 2927 557 2995 ἐποπτεύειν
579 2925 637 3013 ἠδ’
661 2926 828 3024 ἀρμαλιήν
851 2931 1050 3016 δατέασθαι,

206 3028 272 3104 εὖτ’
298 3030 342 3102 ἀν
364 3032 527 3121 ἀληθείην
550 3036 625 3103 λαοὶ
647 3040 817 3121 κρίνοντες
839 3034 976 3121 ἀγωσιν.
1026 3052 1031 3061 ’

206 3238 289 3316 Αίδε
311 3244 374 3334 γάρ
397 3243 515 3333 ἡμέραι
539 3246 602 3314 είσί
626 3244 711 3325 Διὸς
732 3245 822 3331 πάρα
843 3246 1046 3334 μητιόεντος.
1146 3320 1151 3329 ,

205 3356 338 3439 πρῶτον
362 3357 420 3438 ένη
442 3350 557 3439 τετράς
578 3377 613 3419 τε
635 3352 691 3418 καὶ
714 3351 839 3443 ἑβδόμη
864 3349 957 3440 ίερὸν
978 3345 1084 3442 ήμαρ·
1155 3373 1205 3421 770

205 3462 244 3544 τῇ
267 3455 330 3543 γάρ
349 3455 540 3525 Ἀπόλλωνα
563 3455 733 3545 χρυσάορα
755 3463 887 3543 γείνατο
912 3457 1023 3543 Λητώ·
