2517 4050
235 268 257 325 4
662 262 830 314 ΗΣΙΟΔΟΤ

237 396 355 465 ὅντινα
376 396 539 484 τιμήσωσι
563 395 648 475 Διὸς
669 399 789 483 κοῦραι
812 395 981 481 μεγάλοιο,

236 501 437 589 γεινόμενόν
457 527 492 570 τε
516 505 613 569 ίδωσι
637 502 842 588 διοτρεφέων
864 499 1047 587 βασιλήων,

236 612 281 699 τῷ
305 607 366 694 μὲν
390 609 442 677 ἐπὶ
465 607 597 696 γλω’σσῃ
620 605 786 693 γλυκερὴν
808 612 957 692 χείουσιν
981 609 1111 694 ἐέρσην,

236 717 297 781 τοῦ
321 710 350 780 δ’
376 711 438 780 ἕπε’
465 715 500 780 ἐκ
522 712 686 799 στόματος
709 714 762 798 ῥεῖ
782 717 924 797 μείλιχα·
948 715 984 779 οί
1004 714 1045 780 δέ
1064 740 1109 780 νυ
1132 714 1212 782 λαοὶ

237 817 357 898 πάντες
380 820 413 898 ἐς
436 816 539 886 αὐτὸν
562 816 666 905 δρῶσι
689 820 906 904 διακρίνοντα
928 818 1087 903 θέμιστας
1218 839 1251 887 85

238 929 365 1012 ἰθείῃσι
388 926 536 1010 δίκῃσιν·
561 919 579 991 δ
604 921 634 989 δ’
660 920 834 1008 ἀσφαλέως
857 919 1030 1010 ἀγορεύων

238 1026 304 1108 αἶψ’
331 1026 388 1113 ὅγε
411 1029 466 1095 καὶ
488 1029 572 1114 μέγα
594 1039 704 1106 νεῖκος
727 1028 950 1114 ἐπισταμένως
972 1030 1168 1099 κατέπαυσε·

237 1132 380 1202 τοῦνεκα
402 1131 465 1220 γάρ
488 1137 646 1220 βασιλῆες
669 1133 859 1219 ἐχέφρονες,
883 1131 1005 1201 οὕνεκα
1027 1142 1119 1214 λαοῖς

237 1240 478 1326 βλαπτομένοις
500 1237 648 1326 ἀγορῆφι
670 1236 856 1324 μετάτροπα
880 1242 960 1325 ἐργα
982 1242 1110 1306 τελεῦσι

239 1347 386 1431 ῥηϊδίως,
409 1351 586 1431 μαλακοῖσι
608 1341 858 1429 παραιφάμενοι
881 1343 1040 1410 ἐπέεσσιν.
1218 1367 1254 1413 90

239 1449 420 1537 ἐρχόμενον
443 1447 473 1516 δ’
499 1434 563 1515 ἀνὰ
586 1446 670 1514 ἀστν
692 1444 778 1514 θεὸν
801 1443 845 1525 ὣς
868 1444 1060 1514 ίλάσκονται

239 1557 333 1621 αίδοϊ
353 1559 507 1640 μειλιχίῃ,
531 1550 611 1637 μετὰ
634 1551 672 1618 δὲ
694 1550 809 1637 πρέπει
831 1548 1059 1637 ἀγρομένοισι·

239 1651 293 1725 οἷά
316 1682 352 1723 τε
374 1653 551 1723 Μουσείων
576 1652 648 1740 ίερή
672 1652 766 1733 δόσις
788 1651 1030 1740 ἀνθρώποισιν.
1119 1715 1122 1720 .

238 1765 274 1829 έκ
296 1759 359 1848 γάρ
383 1758 556 1828 Μουσάων
579 1760 635 1825 καὶ
659 1757 822 1844 ἑκηβόλον
841 1756 1049 1840 ’Λπόλλωνος

238 1865 359 1953 ἀνδρες
380 1863 492 1931 ἀοιδοὶ
516 1868 609 1929 ἐασιν
634 1863 686 1930 ε’πὶ
709 1862 819 1949 χθόνα
840 1864 896 1930 καὶ
917 1872 1125 1953 κιθαρισταί·
1215 1890 1251 1938 95

238 1974 273 2040 ἐκ
296 1968 334 2039 δὲ
357 1965 442 2048 Διὸς
463 1971 631 2055 βασιλῆες·
656 1965 674 2036 ὁ
699 1966 728 2035 δ’
754 1966 866 2054 ὄλβιος
890 1965 1007 2037 ὅντινα
1029 1976 1169 2040 Μοῦσαι

239 2083 414 2164 φίλωνται·
437 2073 580 2161 γλυκερή
595 2076 641 2141 ·οί
661 2071 725 2140 ἀπδ
751 2072 911 2161 στόματος
934 2076 1001 2161 ῥέει
1026 2074 1121 2163 αὐδή.

239 2187 269 2250 εί
289 2182 353 2271 γάρ
376 2181 503 2265 τιςκαὶ
526 2182 653 2259 πένθος
677 2185 761 2266 ἔχων
784 2181 939 2266 νεοκηδέι·
960 2184 1059 2273 θυμῷ

238 2289 352 2375 ἀζηται
374 2290 517 2375 κραδίην
540 2284 764 2371 ἀκαχήμενος,
787 2283 891 2370 αὐτὰρ
914 2283 1030 2364 ἀοιδὸς

238 2392 412 2463 Μουσάων
435 2388 595 2477 θεράπων
617 2397 710 2455 κλεΐα
732 2392 903 2475 προτέρων
926 2386 1119 2475 ἀνθρώπων
1193 2414 1247 2466 100

238 2496 381 2585 ὑμνήσῃ,
405 2492 552 2583 μάκαράς
574 2520 609 2561 τε
632 2492 745 2576 θεούς,
769 2497 805 2559 οἳ
814 2491 986 2578 Ὄλυμπον
1010 2500 1155 2583 ἔχουσιν,

238 2601 304 2682 αἶψ’
331 2600 388 2687 ὅγε
412 2601 629 2686 δυςφρονέων
654 2596 856 2683 ἐπιλήθεται,
880 2596 963 2666 οάδέ
982 2626 1015 2667 τι
1037 2604 1167 2687 κηδέων

238 2709 411 2795 μέμνηται·
434 2706 556 2790 ταχέως
579 2702 617 2771 δὲ
639 2705 825 2791 παρέτραπε
848 2705 940 2791 δῶρα
961 2704 1085 2774 θεάων.
1112 2770 1115 2774 ,

326 2816 474 2897 Χαίρετε,
496 2811 595 2876 τέκνα
618 2806 714 2892 Διός,
738 2806 814 2875 δότε
837 2806 871 2874 δ’
897 2810 1094 2897 ἱμερόεσσαν
1113 2811 1255 2902 ἀοιδήν

237 2923 359 2985 κλείετε
383 2913 414 2981 δ’
440 2910 622 2980 ἀθανάτων
646 2909 739 3000 ίερὸν
761 2914 859 2997 γένος
881 2913 954 2981 αίέν
977 2914 1119 3003 ἐόντων,
1192 2940 1242 2989 105

239 3028 274 3090 οἳ
294 3024 354 3108 γῆς
377 3020 565 3105 ἐξεγένοντο
588 3019 644 3085 καὶ
668 3015 817 3103 οάρανοῦ
839 3017 1069 3106 ἀστερόεντος,

238 3126 357 3205 νυκτός
379 3150 414 3193 τε
438 3126 615 3210 δνοφερῆς,
640 3121 698 3202 οὕς
720 3120 753 3189 θ’
779 3121 925 3212 ἁλμυρὸς
949 3129 1065 3212 ἐτρεφε
1086 3127 1213 3209 πόντος.

239 3240 347 3299 είπατε
371 3228 418 3315 δ’,
442 3226 486 3310 ὦς
507 3233 660 3316 ταπρῶτα
682 3230 759 3296 θεοὶ
780 3230 836 3296 καὶ
857 3243 936 3315 γαῖα
958 3232 1113 3318 γένοντο,

237 3338 293 3404 καὶ
315 3336 457 3423 ποταμοὶ
479 3335 535 3403 καὶ
557 3333 679 3413 πόντος
701 3332 883 3423 ἀπείριτος,
907 3339 1041 3422 οἴδματι
1063 3337 1175 3425 θύων,

238 3440 343 3530 ἀστρα
356 3468 391 3510 τε
405 3439 641 3528 λαμπετόωντα
653 3440 709 3508 καὶ
724 3438 869 3528 οάρανδς
883 3438 981 3529 εὐρὺς
995 3440 1152 3530 ὕπερθεν,
1190 3465 1237 3514 110
1253 3413 1254 3502 λ
