2517 4050
363 283 458 332 ΕΡΓΑ
475 282 540 332 ΚΑΙ
556 283 708 334 ΗΜΕΡΑΙ.

47 419 94 494 εἰς
121 417 235 501 ἕτερον
258 414 323 504 γάρ
345 421 395 494 τίς
416 442 451 484 τε
475 414 559 483 ίδών
583 420 696 504 ἔργοιο
718 421 857 502 χατίζων

47 519 229 606 πλούσιον,
253 519 272 589 ὁ
297 519 432 590 σπεύδει
455 519 516 607 μὲν
540 518 710 609 ἀρώμεναι
732 520 794 608 ῆδὲ
816 521 989 608 φυτεύειν,

50 622 149 692 οἶκόν
170 622 202 692 τ’
228 617 267 693 εὖ
289 628 429 694 θέσθαι·
453 632 546 712 ζηλοῖ
567 629 607 695 δέ
626 653 663 694 τε
685 632 818 712 γείτονα
840 632 959 712 γείτων

49 735 97 808 είς
122 728 251 816 ἀφενον
275 729 469 800 σπεύδοντ’·
492 729 604 818 ἀγαθὴ
629 729 661 798 δ’
676 730 771 819 Ἔρις
792 728 853 818 ῆδε
874 737 1034 818 βροτοῖσι.

49 906 121 973 Καὶ
143 905 306 993 κεραμεὺς
328 918 465 995 κεραμεῖ
483 910 589 976 κοτέει
611 909 667 975 καὶ
690 908 820 975 τέκτονι
842 909 979 992 τέκτων,
1026 925 1061 974 25

49 1010 106 1078 καί
130 1011 258 1098 πτωχὸς
279 1016 396 1104 πτωχῷ
420 1016 563 1099 φθονέει
585 1014 641 1080 καὶ
664 1011 780 1093 ἀοιδὸς
802 1010 916 1104 ἀοιδῷ.

139 1214 180 1289 Ὦ
201 1225 333 1311 Πέρση,
356 1221 399 1291 σὺ
424 1223 585 1292 δὲταῦτα
608 1229 670 1315 τεῷ
695 1223 870 1292 ἐνικάτθεο
893 1228 1008 1315 θυμῷ,

51 1329 139 1410 μηδέ
160 1325 190 1393 σ’
206 1325 316 1413 Ἔρις
338 1327 539 1417 κακόχαρτος
561 1327 618 1396 ἀπ’
645 1335 746 1418 ἔργον
767 1327 883 1416 θνμδν
907 1328 1019 1417 ἐρύκοι

53 1430 171 1499 νείκε’
198 1431 409 1502 ὀπιπεύοντ’
435 1433 560 1523 ἀγορῆς
583 1433 748 1502 ἐπακουὸν
771 1433 879 1502 έόντα.
1073 1505 1079 1514 ,

51 1533 122 1624 ώρη
144 1536 209 1625 γάρ
232 1537 261 1607 τ’
287 1537 382 1626 ὀλίγη
405 1542 535 1608 πέλεται
558 1543 696 1609 νεικέων
719 1536 748 1606 τ’
773 1537 924 1627 ἀγορέων
946 1565 992 1625 τε,
1027 1559 1062 1608 30

52 1632 148 1731 ᾧτινι
171 1640 216 1730 μῆ
239 1648 313 1730 βίος
337 1646 437 1712 ἔνδον
461 1643 639 1730 ἐπηετανὸς
660 1644 848 1714 κατάκειται

52 1744 190 1833 ὡραῖος,
213 1747 275 1817 τὸν
297 1763 376 1834 γαῖα
398 1751 508 1836 φέρει,
532 1749 728 1837 Δημήτερος
750 1747 864 1836 ἀκτήν.
969 1837 975 1845 .

53 1963 114 2028 τοῦ
135 1985 173 2028 κε
194 1958 440 2048 κορεσσάμενος
461 1965 571 2027 νείκεα
592 1959 648 2026 καί
673 1963 772 2048 δῆριν
796 1959 935 2047 ὀφέλλοι

54 2064 192 2153 κτῆμασ’
211 2063 262 2133 ἔπ’
279 2062 479 2152 ἀλλοτρίοις·
503 2065 556 2132 σοὶ
580 2062 612 2130 δ’
639 2060 749 2133 ούκέτι
773 2065 931 2152 δεύτερον
954 2071 1045 2135 ἔστιν

55 2164 113 2240 ὧδ’
140 2176 264 2259 ἔρδειν·
287 2168 359 2238 ἀλλ’
385 2162 469 2238 αὖθι
492 2167 744 2257 διακρινώμεθα
766 2186 876 2250 νεῖκος
1026 2190 1062 2239 35

56 2284 181 2367 ίθείησι
205 2282 328 2362 δίκαις,
351 2274 415 2344 αἴτ’
443 2278 478 2343 ἐκ
502 2274 587 2354 Διός
609 2280 695 2342 είσιν
718 2274 859 2360 ἀρισται.

55 2384 119 2471 ῆδη
143 2383 205 2471 μέν
229 2381 292 2471 γὰρ
315 2385 439 2468 κλῆρον
462 2379 678 2468 ἐδασσάμεθ’,
701 2379 785 2448 ἀλλα
807 2408 842 2449 τε
864 2381 970 2451 πολλὰ

56 2488 209 2577 ἁρπάζων
233 2488 379 2577 ἐφόρεις,
402 2489 486 2573 μέγα
507 2491 679 2556 κυδαίνων
702 2492 863 2573 βασιλῆας

57 2595 294 2683 δωροφάγους,
318 2600 353 2661 οῖ
372 2592 472 2680 τῆνδε
497 2596 594 2678 δίκην
618 2596 771 2661 ἐθέλοντι
796 2597 967 2661 δίκασσαν.

56 2808 200 2894 Νῆπιοι,
223 2805 303 2876 ούδδ
327 2816 454 2889 ἴσασιν,
479 2803 546 2896 ὅσω
569 2807 672 2873 πλέον
695 2801 799 2890 ῆμισν
822 2801 960 2887 παντός,
1028 2823 1063 2872 4ο

58 2912 130 2982 οὐδ’
157 2912 240 2981 ὅσον
264 2916 301 2981 έν
324 2911 453 3000 μαλάχη
477 2936 511 2979 τε
533 2911 589 2977 καλ
611 2908 787 2999 ἀσφοδέλῳ
811 2906 883 2995 μέγ’
909 2907 1032 2996 ὀνειαρ.

58 3158 256 3248 Κρύφαντες
278 3158 341 3246 γάρ
366 3164 479 3245 έχουσι
502 3158 578 3241 θεοὶ
600 3161 679 3244 βίον
701 3153 922 3241 ἀνθρώποισι.

59 3268 195 3351 ῥηϊδίως
218 3264 281 3354 γάρ
304 3292 362 3333 κεν
385 3265 440 3331 καί
464 3262 513 3349 ἐπ’
537 3262 638 3350 ῆματι
662 3262 854 3350 ἐργάσσαιο,

59 3370 139 3441 ώστε
163 3374 203 3440 σέ
223 3368 253 3438 κ’
280 3376 326 3450 είς
350 3367 505 3437 ἐνιαυτὸν
529 3374 616 3454 ἔχειν
639 3369 694 3435 καὶ
717 3364 839 3452 ἀεργὸν
863 3365 976 3434 έύντα·

59 3476 138 3555 αἶψά
161 3503 198 3545 κε
221 3475 387 3561 πηδάλιον
410 3473 471 3561 μὲν
494 3470 577 3559 ὑπὲρ
599 3475 730 3539 καπνοῦ
753 3480 926 3554 καταθεῖο,
1029 3490 1064 3539 45
