2517 4050
981 247 1035 304 Vll

26 393 130 478 ἄρξας
158 391 348 479 Ἀθηναίων
377 398 431 479 ἔτη
464 393 514 461 λέ·
544 395 579 460 οί
608 391 647 460 δὲ
678 389 886 478 συγχρόνους
913 388 1036 468 αὐτοῦς

27 497 116 566 εἶναι
139 499 290 584 λέγοντες
313 499 365 566 ε’πὶ
388 503 427 587 τῇ
450 501 583 586 τελευτῇ
605 501 666 565 τοῦ
687 487 953 583 Ἀμφιδάμαντος
974 498 1036 563 τοῦ

28 605 191 689 βασιλέως
223 602 371 689 Εὐβοίας
407 604 511 689 φασὶν
548 601 671 682 αὐτοὺς
701 602 950 688 ἀγωνίσασθαι,
979 602 1036 668 καί

27 709 239 794 νενικηκέναι
263 705 422 776 Ἡσίοδον
449 706 747 793 ἀγωνοθετοῦντος
771 708 825 775 καλ
861 713 1037 793 κρίνοντος

28 817 203 882 Πανείδου
229 817 290 880 τοῦ
319 815 480 898 βασιλέως
506 817 566 881 τοῦ
595 811 746 900 άδελφοῦ
770 810 1037 899 Ἀμφιδάμαντος

28 922 83 988 καὶ
106 924 173 988 τῶν
197 921 282 986 υίῶν
303 917 578 1006 Ἀμφιδάμαντος,
596 918 809 1005 Γανύκτορος
830 944 865 986 τε
891 916 946 984 καί
968 919 1036 982 τῶν

29 1031 165 1094 λοιπῶν.
211 1027 450 1111 έξηρωτηκέναι
473 1024 536 1111 γὰρ
560 1023 683 1104 αὐτοὺς
704 1022 811 1092 πολλά
833 1021 916 1110 πρὸς
939 1019 1037 1106 άλλη·

29 1140 110 1209 λους
137 1131 219 1216 φασδ
247 1129 292 1198 δι’
325 1132 413 1198 ἐπῶν
438 1128 665 1216 αὐτοσχεδίων
695 1131 751 1197 καί
780 1127 1040 1213 ἀποκρίνασθαι,

28 1236 84 1302 καὶ
111 1240 193 1303 πᾶσι
219 1235 278 1305 τδν
298 1235 446 1324 ’Όμηρον
478 1234 518 1303 τδι
550 1249 693 1323 πρωτεία
725 1234 921 1322 λαμβάνειν·
944 1235 1039 1311 τέλος

28 1345 89 1409 τοῦ
111 1345 274 1427 βασιλέως
303 1345 477 1409 Πανείδου
503 1341 656 1421 εἰπόντος
683 1339 796 1421 αῦτοίς
817 1339 857 1408 τδι
879 1338 1037 1407 κάλλιστα

29 1450 98 1513 τῶν
122 1447 250 1514 ἑαυτῶν
274 1447 362 1514 ἐπῶν
385 1444 652 1533 άυαλεξαμένους
675 1450 794 1530 εἰπεῖν,
809 1443 953 1530 Ὅμηρος
975 1442 1036 1529 μὲν

30 1553 163 1637 ἄρχεται
190 1555 300 1638 λέγειν
332 1555 430 1620 τοῦτο
463 1550 500 1620 τὸ
528 1556 653 1640 χωρίον
685 1548 750 1619 άπδ
781 1554 916 1618 πολλῶν
948 1551 1037 1617 ἐπῶν

30 1656 215 1744 ἀρξάμενος
237 1656 394 1726 ὄπισθεν·

74 1762 171 1842 άσπλς
184 1760 239 1848 ἄρ’
256 1761 369 1830 ἀσπίδ’
392 1765 508 1850 ἔρειδε,
521 1762 624 1848 κόρυς
641 1762 759 1849 κόρυν,
773 1760 877 1848 άνέρα
892 1759 922 1827 δ’
939 1758 1038 1847 άυήρ,

73 1873 185 1949 φαῦον
210 1866 244 1934 δ’
271 1868 449 1955 ίππόκομοι
472 1867 618 1953 κόρυθες
640 1877 820 1955 λαμπροῖσι
843 1864 980 1954 φάλοισι

73 1973 259 2044 νευόντων·
293 1971 337 2055 ῶς
359 1974 481 2043 πυκνοὶ
505 1976 689 2061 ἐφέστασαν
712 1972 902 2061 ἀλλήλοισι,

29 2082 84 2147 καὶ
108 2083 290 2189 περαιτέρω
312 2080 450 2148 τούτων.
491 2079 647 2159 Ἡσίοδος
670 2080 707 2147 δὲ
729 2085 796 2148 τῶν

73 2184 260 2269 Πληϊάδων
280 2184 503 2270 Ἀτλαγενέων
526 2184 808 2270 ἐπιτελλομενάων

30 2290 211 2387 άπάρχεται
233 2290 288 2356 καὶ
307 2286 430 2376 ὁμοίως
447 2286 577 2380 Ὁμήρῳ
595 2296 770 2375 προβαίνει
793 2292 889 2377 μέχρι
911 2292 1038 2358 πολλοῦ

30 2401 97 2463 τῶν
122 2398 219 2463 ἐπῶν.
253 2395 308 2462 καὶ
331 2394 432 2462 πάλιν
451 2396 503 2463 έπδ
525 2395 656 2474 τούτοις
680 2398 715 2463 οί
729 2400 933 2483 παρεστῶτες
955 2394 1038 2462 πάν·
1136 2423 1140 2428 ·

30 2528 82 2580 τες
104 2505 172 2567 τῶν
196 2502 381 2586 ἐλλογίμων
404 2500 459 2567 καὶ
482 2504 692 2587 στρατιωτῶν
710 2498 769 2567 τὸν
784 2497 932 2586 Ὅμηρον
952 2501 1038 2567 ἐστε-

31 2606 183 2693 φάνουν,
213 2602 230 2672 ὁ
260 2604 297 2672 δὲ
329 2608 499 2691 Πανείδης
534 2610 644 2692 ἔκρινε
677 2608 776 2672 νικῶν
806 2602 965 2672 Ἡσίοδον
993 2602 1039 2683 ῶς

34 2709 173 2797 είρνήην
205 2711 259 2778 καὶ
295 2716 460 2796 γεωργίαν
495 2711 697 2779 διδάσκοντα
728 2711 784 2777 καὶ
818 2708 857 2778 οῦ
885 2710 1037 2799 καθάπερ

37 2824 169 2903 Ομηρος
194 2810 359 2902 πολέμους
380 2816 435 2883 καὶ
464 2815 598 2902 σφάγια.
644 2814 728 2884 άλλδι
755 2821 858 2885 ταῦτα
885 2818 946 2903 μέν
973 2821 1038 2884 εἰσι

36 2919 203 3007 ληρήματα
225 2923 293 2987 τῶν
317 2920 488 3006 νεωτέρων
511 2921 566 2986 καὶ
588 2920 724 3000 πλάσεις
746 2926 814 2989 τῶν
835 2922 918 3009 πρὸς
940 2919 1038 3007 άλλη-

34 3032 112 3104 λους
140 3024 359 3111 ἐρωτημάτων
387 3026 443 3093 καὶ
466 3029 533 3092 τῶν
557 3025 590 3106 ἐξ
612 3023 758 3113 Ὁμήρου
780 3030 1039 3115 παρεκβεβλημέ·

33 3157 102 3198 νων
122 3133 211 3198 ἐπῶν
233 3130 288 3197 καὶ
311 3128 367 3198 ὑπ’
394 3132 525 3198 ἐκείνου
544 3134 650 3217 δηδεν
674 3134 858 3218 ῥηθέντων.
895 3129 1039 3218 ΓΌμηρος

33 3235 96 3321 γάρ
125 3233 142 3303 ὁ
171 3240 331 3321 χρυσοῦς,
360 3233 405 3316 ῶς
428 3227 564 3326 ἐγῷμαι,
587 3240 715 3322 μάλλον
739 3237 777 3305 δὲ
799 3235 1039 3325 άκριβεστάτως

34 3343 221 3427 ἐπίσταμαι,
244 3340 330 3409 πολῦ
348 3368 383 3409 τε
402 3340 618 3426 παλαιότερος
633 3339 794 3410 Ἡσιόδου
816 3341 956 3429 ὑπῆρχε,
983 3345 1039 3411 καὶ

34 3449 64 3511 εί
99 3443 182 3531 πρὸς
217 3444 295 3525 τοῦς
330 3446 606 3533 θρυλλουμένους
644 3450 791 3527 ἐκείνους
826 3446 929 3526 θεοὺς
967 3454 1037 3531 ἔριν
