2517 4050
362 233 478 283 muz
496 233 735 287 Ηειιειεονε.
1008 230 1052 294 55

33 367 143 436 ἔσσυτ’
174 367 224 455 ἐφ’
244 366 408 454 Ἡρακλέα
429 366 695 454 κρατερόφρονα·
717 363 777 433 τὸν
801 362 833 431 δ’
859 363 994 433 ἐπιόντα

30 469 362 562 Ἀμφιτρυωνιάδης,
386 478 500 559 δεινῆς
522 471 685 559 ἀκόρητος
708 469 822 557 άύτῆς,

34 580 151 664 μηρὸν
176 580 401 667 γυμνωθέντα
425 579 544 657 σάκευς
567 577 632 645 ύπο
657 578 847 644 δαιδαλέοιο
999 594 1052 643 400

35 682 154 752 ούτασ)
182 686 391 770 ἐπικρατέως·
416 683 471 752 διὰ
496 683 534 752 δέ
557 684 640 771 μέγα
664 681 785 766 σαρκὸς
807 680 907 767 άραξε

35 789 185 877 δούρατι
208 788 377 877 νωμήσας,
400 791 452 856 ἐπὶ
476 789 513 857 δὲ
536 790 637 875 χθονὶ
660 788 806 874 κάββαλε
829 788 941 873 μέσση.

35 898 80 983 τῷ
109 895 151 963 δὲ
178 893 289 980 Φόβος
311 896 365 962 καλ
390 903 516 980 Δεῖμος
539 895 699 980 ἐύτροχον
722 892 811 980 άρμα
833 894 888 959 καὶ
911 895 1032 970 ἵππους

36 997 175 1084 ήλασαν
198 999 266 1081 αἶψ’
293 999 400 1086 ἐγγύς,
423 1001 477 1067 καὶ
502 998 566 1067 άπὸ
590 999 717 1086 χθονός
740 999 935 1086 εὐρυοδείης

38 1107 72 1182 ἐς
98 1109 228 1194 δίφρον
251 1108 362 1191 θῆκαν
385 1109 649 1173 πολυδαίδαλον·
673 1103 756 1185 αἶψα
780 1103 811 1171 δ’
839 1111 948 1171 ἔπειτα
1001 1120 1054 1170 405

38 1212 168 1290 ἵππους
190 1212 380 1298 μαστιέτην·
404 1213 517 1277 ἵκοντο
542 1210 578 1276 δὲ
602 1207 731 1295 μακρὸν
745 1208 927 1296 Ὄλυμπον.

39 1313 120 1395 υίὸς
142 1313 175 1383 δ’
199 1313 381 1402 Ἀλκμήνης
403 1317 459 1382 καὶ
480 1315 663 1401 κυδάλιμος
682 1312 808 1393 Ἰόλαος

42 1420 186 1490 Κύκνον
206 1421 447 1500 σκυλεύσαντες
470 1419 523 1488 ἀπ’
550 1420 652 1507 ὤμων
673 1420 790 1507 τεύχεα
812 1419 895 1489 καλδι

41 1523 210 1594 νίσσοντ’·
234 1525 316 1607 αἶψα
340 1525 371 1592 δ’
398 1532 507 1594 ἔπειτα
529 1525 629 1594 πόλιν
656 1533 819 1613 Τρηχῖνος
840 1529 953 1594 ἵκοντο

43 1633 160 1710 ἵπποις
183 1630 424 1700 ὠκυπόδεσσιν.
471 1629 553 1719 άτάρ
577 1636 766 1717 γλαυκῶπις
786 1630 912 1718 Ἀθήνη
1003 1649 1057 1698 4εο

45 1735 157 1816 ἐξίκετ’
184 1737 368 1825 Οὔλυμπόν
389 1764 424 1806 τε
447 1739 552 1823 μέγαν
575 1738 630 1805 καὶ
655 1737 789 1824 δώματα
811 1736 943 1823 πατρός.

47 1843 187 1912 Κύκνον
212 1841 243 1910 δ’
270 1836 313 1910 αὖ
336 1843 430 1930 Κήϋξ
455 1844 582 1910 θάπτεν
605 1844 659 1910 καὶ
684 1841 763 1921 λαὸς
786 1840 944 1928 άπείρων,

47 1951 85 2014 οἵ
106 1947 138 2037 ῥ’
165 1945 262 2035 ε’γγὺς
285 1960 383 2016 ναῖον
406 1947 522 2027 πόλιος
544 1951 675 2014 κλειτοῦ
698 1951 858 2034 βασιλῆος

49 2052 197 2141 [Ἀνθην
221 2054 457 2140 Μυρμιδόνων
479 2080 514 2123 τε
536 2053 635 2121 πόλιν
658 2053 791 2139 κλειτήν
813 2051 839 2121 τ’
862 2051 1020 2121 Ἰαωλκὸν

50 2157 178 2248 ’Ἀρνην
201 2156 226 2226 τ’
252 2156 304 2244 ἠδ’
323 2156 470 2245 Ἑλίκην·
493 2158 615 2237 πολλὸς
638 2155 670 2224 δ’
695 2156 844 2244 ἠγείρετο
868 2157 970 2243 λαός,]
1005 2178 1057 2226 475

50 2269 209 2350 τιμῶντες
233 2264 362 2350 Κήύκα,
386 2270 486 2350 φίλον
511 2263 692 2351 μακάρεσσι
715 2272 835 2330 θεοῖσι.

51 2374 110 2437 τοῦ
135 2369 173 2437 δέ
195 2368 304 2455 τάφον
326 2371 382 2437 καὶ
405 2368 477 2456 σῆμ’
503 2368 594 2449 άλδδς
616 2374 755 2455 ποίησεν
770 2367 946 2456 ’Ἀναυρος,

52 2472 167 2566 όμβρφ
190 2480 343 2565 χειμερίῳ
366 2476 521 2561 πλήθων·
543 2472 607 2554 τὼς
629 2474 693 2561 γάρ
717 2501 774 2561 μιν
795 2472 964 2542 Ἀπόλλων

55 2586 221 2668 Λητοΐδης
243 2578 358 2668 ἤνωξ’,
382 2579 433 2648 ὅτι
456 2583 498 2667 ῥα
520 2578 649 2659 κλειτὰς
671 2578 852 2665 ἑκατόμβας

56 2686 140 2769 ὅςτις
162 2687 241 2775 άγοι
263 2690 418 2754 Πυθοῖδε
441 2691 498 2774 βίη
522 2684 664 2753 σύλασκε
688 2682 848 2753 δοκεύων.
1005 2702 1058 2752 480
