2517 4050
407 246 603 300 οωοοοκιι.
962 247 1005 311 35

5 385 46 446 κί
76 377 110 464 ῤ’
136 377 196 466 ῇγε
220 379 378 466 δμηθεῖσ’
403 378 460 448 ὑπ’
483 379 609 468 Ἰήσονι
631 383 765 468 ποιμένι
787 385 879 449 λαῶν
939 401 1008 451 1000

5 483 157 571 Ῑήδειον
180 487 252 554 τέκε
274 490 393 572 παῖδα,
415 484 477 556 τὸν
500 486 637 576 οὔρεσιν
661 492 776 574 ἔτρεφε
797 492 929 574 Χείρων

5 593 202 677 λιλυρίδης·
225 590 373 678 μεγάλου
396 589 434 658 δὲ
457 588 542 670 Διὸς
564 589 645 670 νόος
667 592 850 672 ἐξετελεῖτο.

86 692 204 782 Αὐτὰρ
227 699 368 784 Νηρῆος
389 699 523 783 κοῦραι,
545 693 657 764 ἁλίοιο
680 697 854 784 γέροντος,

5 827 71 868 τοι
94 800 158 888 μὲν
184 804 305 869 Φῶκον
334 801 483 888 Ψαμάθη
506 801 578 868 τέκε
601 803 659 867 δῖα
680 800 796 868 θεάων

5 909 130 974 λίακοῦ
154 907 191 974 ἐν
214 905 368 993 φιλότητι
392 905 448 973 διὰ
470 908 616 995 χρυσέην
636 904 854 995 Ἀφροδίτην,
939 924 1008 974 1005

5 1011 108 1096 [ηλέί
131 1008 169 1077 δὲ
192 1013 360 1096 δμηθεῖσα
382 1008 447 1078 θεδι
469 1011 564 1090 Θέτις
585 1008 793 1099 ἀργυρόπεζα

5 1112 124 1183 είνατ’
154 1113 309 1201 ’Λχιλλῇα
332 1115 515 1205 ῥηξήνορα,
537 1116 741 1202 θυμολέονα.

85 1225 230 1288 Λίνείαν
255 1219 287 1286 δ’
313 1218 368 1309 ἀρ’
395 1226 518 1289 ἔτικτεν
542 1217 748 1304 ἐϋστέφανος
770 1219 938 1309 Κυθέρεια

5 1331 130 1414 ίγχίσῇ
152 1323 242 1412 ἥρωι·
262 1324 383 1412 μιγεῖσ’
410 1328 509 1413 ἐρατῇ
533 1323 686 1413 φιλότητι

5 1436 91 1518 ίδης
116 1433 154 1500 ἐν
176 1435 348 1519 κορυφῇσι
370 1429 601 1516 πολυπτύχου,
623 1427 795 1517 ὑληέσσης.
939 1448 1008 1497 1010

5 1543 108 1624 ίίρκη
133 1535 179 1621 δ’,
200 1534 333 1604 Ἠελίου
355 1535 510 1622 θυγάτηρ
529 1533 777 1623 Ὑπεριονίδαο,

5 1640 123 1710 ἐίνατ’
146 1639 329 1728 Ὀδυσσῆος
350 1647 596 1729 ταλασίφρονος
619 1643 656 1709 ἐν
679 1640 832 1729 φιλότητι

5 1756 139 1833 Αγριον
163 1744 224 1833 ἠδέ
246 1754 395 1816 Λατῖνον
418 1744 575 1834 ἀμύμονά
598 1772 634 1814 τε
655 1746 817 1832 κρατερόν
839 1773 889 1831 τε,

6 1849 210 1938 Τηλέγονόν
233 1878 268 1919 τε
292 1858 394 1920 ἔτικτε
418 1850 474 1920 διδι
498 1849 644 1940 χρυσέην
664 1849 888 1939 Ἀφροδίτην]

5 1961 28 2023 ιί
53 1956 86 2026 δ’
114 1955 189 2044 ῇτοι
213 1956 301 2043 μάλα
323 1961 400 2043 τῇλε
422 1958 515 2047 μυχῷ
539 1957 655 2043 νήσων
680 1956 801 2043 ἱεράων
940 1973 1009 2022 1010

7 2068 100 2131 τάσιν
128 2070 355 2151 Τυρσηνοῖσιν
377 2061 622 2148 ἀγακλειτοῖσιν
646 2060 805 2129 άνασσον.

8 2174 204 2237 ίαυσίθοον
229 2166 260 2235 δ’
283 2166 420 2254 Ὀδυσῇι·
441 2164 592 2248 Καλυψὼ
615 2170 672 2234 δῖα
694 2165 809 2234 θεάων

10 2279 133 2342 ἐίνατο
158 2271 358 2341 Ναυσίνοόν
380 2299 415 2340 τε
438 2269 560 2360 μιγείσ’
587 2274 686 2360 ἐρατῇ
709 2270 872 2358 φιλότητι.

88 2370 198 2446 Λῦται
220 2376 282 2463 μὲν
305 2386 463 2463 θνητοῖσι
485 2373 564 2465 παρ’
590 2374 758 2464 ἀνδράσιν
781 2375 981 2461 εὐνηθεῖσαι

13 2482 170 2552 τθάναται
193 2487 355 2569 γείναντδ
366 2492 462 2563 θεοῖς
485 2484 648 2551 ἐπιείκελα
669 2481 778 2550 τέκνα.
942 2496 1014 2547 1010

15 2593 63 2658 ’ὗν
88 2588 127 2657 δέ
149 2591 321 2675 γυναικῶν
345 2592 454 2674 φῦλον
478 2585 626 2673 ἀείσατε,
649 2584 825 2673 ἡδυέπειαι

16 2700 141 2764 λΙοῦσαι
159 2692 389 2782 Ὀλυμπιάδες,
411 2697 530 2780 κοῦραι
553 2690 639 2771 Διὸς
660 2691 844 2779 αἰγιόχοιο,
