2517 4050
224 247 268 309 44
642 248 808 300 Ηειοιοε

224 378 272 465 ἥτ’
298 390 409 469 είρυτο
431 381 516 468 κάρη
535 380 718 468 Ἡρακλῆος
739 387 859 451 θείοιο.
921 447 925 451 ,

313 492 419 573 Χερσί
429 513 467 572 γε
481 486 543 573 μὲν
557 486 658 566 σάκος
672 481 738 554 εἷλε
753 492 950 573 παναίολον,
973 483 1057 556 ούδέ
1066 512 1119 565 τις
1132 485 1222 554 αύτό

225 587 291 658 οὔτ’
319 594 435 677 ἔρρηξε
457 589 571 676 βαλιόν
596 590 663 660 οὔτ’
689 596 823 677 ἔθλασε,
846 596 963 679 θαῦμα
986 592 1131 658 ἰδέσθαι.
1191 611 1213 658 1

224 700 292 763 πᾶν
315 695 377 782 μὲν
399 694 463 782 γάρ
485 695 595 787 κύκλῳ
617 700 731 788 κυανῷ
754 700 861 786 λευκῷ
884 694 909 764 τ’
935 698 1091 783 ἐλέφαντι

224 800 371 890 ἠλέκτρῳ
394 799 427 868 θ’
453 797 643 888 ὑπολαμπὲς
667 807 737 887 ἔην,
760 805 872 892 χρυσῷ
895 827 930 870 τε
953 805 1081 893 φαεινῷ

226 906 466 994 [λαμπόμενον,
489 905 619 975 κυάνου
643 906 681 975 δέ
704 905 760 974 διὰ
782 906 901 994 πτύχες
922 905 1113 992 ἠλήλαντο]

225 1013 262 1079 ἔν
285 1013 395 1101 μέσσῳ
420 1010 459 1078 δέ
482 1011 666 1098 δράκοντος
689 1017 747 1097 ἔην
771 1010 878 1098 φόβος
901 1009 974 1080 ούτι
997 1011 1144 1095 φατειός,

225 1121 365 1201 ἔμπαλιν
389 1113 542 1182 ὅσσοισιν
565 1116 647 1202 πυρὶ
669 1116 911 1200 λαμπομένοισι
934 1113 1116 1202 δεδορκώς·
1188 1133 1236 1183 115

224 1223 284 1288 τοῦ
306 1221 362 1287 καὶ
385 1217 538 1288 ὀδόντων
561 1220 622 1306 μὲν
646 1224 751 1305 πλῆτο
775 1217 880 1307 στόμα
902 1217 1003 1286 λευκά
1025 1218 1198 1306 θεόντων,

226 1327 359 1410 δεινῶν,
382 1322 550 1411 άπλήτων,
574 1325 626 1392 ἔπλ
651 1323 689 1391 δέ
710 1330 892 1411 βλοσυροῖο
916 1322 1069 1410 μετύπου

225 1429 318 1516 δεινὴ
343 1435 411 1517 ἔρις
432 1428 595 1516 πεπότητο
619 1429 832 1513 κορύσσουσα
855 1427 980 1496 κλόνον
1003 1426 1154 1517 άνδρῶν,

225 1541 367 1622 σχετλίη,
390 1533 412 1620 ἥ
434 1537 477 1621 βα
499 1534 584 1602 νόον
607 1561 642 1602 τε
664 1536 720 1602 καὶ
743 1537 778 1602 ἔκ
801 1536 927 1621 φρένας
949 1542 1067 1603 αίνυτο
1091 1542 1225 1622 φωτῶν,

225 1642 346 1716 οἵτινες
368 1635 523 1725 ἀντιβίην
546 1637 694 1726 πόλεμον
717 1637 803 1718 Διὸς
825 1634 874 1706 υἷι
898 1641 1042 1727 φέροιεν.
1184 1662 1233 1710 150

225 1747 305 1827 [τῶν
328 1744 383 1811 καλ
407 1745 510 1831 ψυχαί
534 1743 595 1830 μὲν
619 1743 730 1829 χθόνα
754 1741 892 1812 δύνουσ)
907 1743 1023 1824 Ἀῖδος
1046 1754 1125 1813 εῖσω

225 1847 347 1934 αὐτων,
371 1847 468 1916 ὀστέα
492 1851 532 1916 δέ
553 1869 614 1936 σφι
638 1851 713 1937 περὶ
736 1852 846 1937 ῥινοῖο
871 1856 1029 1935 σαπείσης

224 1960 364 2043 Σειρίου
386 1952 536 2037 ἀζαλέοιο
559 1957 695 2043 κελαινῇ
719 1954 862 2025 πύθεται
884 1959 963 2043 αίη.]

312 2062 349 2128 έν
374 2061 411 2129 δὲ
433 2063 590 2149 προΐωξίς
611 2087 646 2128 τε
669 2063 827 2142 παλίωξίς
848 2087 883 2128 τε
904 2062 1050 2147 τέτυκτο,

224 2169 260 2235 ἔν
284 2165 316 2233 δ’
341 2165 469 2254 ὀμαδός
490 2193 525 2235 τε
549 2165 655 2253 φόβος
677 2163 704 2233 τ’
728 2163 953 2253 άνδροκτασίη
976 2191 1011 2233 τε
1035 2166 1160 2252 δεδήει,
1183 2188 1250 2294 σοεχ

224 2273 261 2338 ἐν
280 2270 313 2337 δ’
329 2271 434 2359 Ἔρις,
458 2274 494 2340 ἔν
514 2270 552 2338 δέ
570 2268 743 2357 Κυδοιμὸς
762 2270 916 2355 ἐθύνεον,
940 2274 977 2339 ἐν
996 2268 1028 2338 δ’
1055 2268 1138 2357 ὀλοὴ
1157 2273 1230 2359 Κὴρ
1249 2299 1250 2324 ι

226 2374 330 2442 άλλυν
355 2374 439 2457 ζωόν
463 2382 584 2461 ἔχουσα
606 2374 804 2459 νεούτατον,
826 2374 930 2443 άλλον
953 2373 1094 2462 άουτον,
1248 2333 1250 2424 δ

225 2477 330 2545 άλλον
352 2483 527 2565 τεθνηῶτα
549 2476 631 2545 κατά
654 2478 766 2563 μόθον
790 2481 862 2547 έλκε
883 2483 1028 2548 ποδοῖιν.

225 2578 301 2669 εἷμα
325 2582 356 2649 δ’
383 2582 429 2670 ἔχ’
455 2582 685 2671 άμφ’,έιμοισι
709 2582 892 2670 δαφοινεὸν
916 2588 1029 2673 αἵματι
1051 2591 1188 2673 φωτῶν,

226 2685 342 2757 δεινὸν
367 2688 552 2776 δερκομένη
574 2693 741 2777 καναχῇσί
760 2714 795 2757 τε
817 2695 1011 2776 βεβρυχυῖα.
1182 2705 1250 2776 1εοῖ

313 2794 349 2861 ἔν
369 2792 400 2860 δ’
423 2792 532 2881 ὀφίων
551 2795 693 2881 κεφαλαὶ
713 2798 834 2862 δεινῶν
854 2801 952 2881 ἕσαν,
969 2795 1042 2864 ούτι
1060 2802 1224 2883 φατειῶν,

224 2898 370 2985 διόδεκα,
393 2900 446 2966 ταὶ
470 2898 658 2984 φοβέεσκον
682 2900 734 2967 ἐπὶ
757 2901 858 2985 χθονὶ
881 2898 960 2987 φῦλ’
986 2899 1198 2987 ἀνθρώπων,
1249 2957 1250 3000 3

224 3008 347 3082 οἵτινες
369 3001 526 3089 άντιβίην
548 3002 696 3091 πόλεμον
721 3003 805 3083 Διὸς
827 2999 877 3072 υἷι
900 3004 1049 3092 φέροιεν·

224 3113 292 3178 τῶν
315 3109 370 3176 καὶ
395 3106 547 3175 ὀδόντων
571 3106 632 3195 μὲν
655 3109 782 3195 καναχὴ
805 3110 920 3195 πέλεν,
943 3102 1016 3178 εύτε
1040 3109 1179 3198 μάχοιτο

220 3210 548 3299 Ἀμφιτρυωνιάδης,
571 3210 611 3279 τά
635 3211 672 3279 δέ
696 3216 807 3281 δαίετο
830 3214 987 3301 θαυματὰ
1011 3220 1099 3303 ἔργα.
1183 3236 1230 3285 165

224 3324 385 3405 στίγματα
408 3316 452 3385 δ’.
467 3314 512 3396 ὣς
534 3315 700 3404 ἐπέφαντο
724 3322 810 3386 ίδεῖν
834 3323 975 3388 δεινοῖσι
998 3320 1174 3409 δράκουσι·

222 3420 360 3489 κυάνεοι
383 3420 465 3489 κατὰ
488 3426 593 3507 νῶτα,
616 3422 833 3509 μελάνθησαν
857 3423 895 3490 δέ
916 3423 1038 3509 γένεια.
