2517 4050
189 253 231 316 62
608 253 778 304 Ηεεοιοτ

188 385 268 465 τοῦς
289 386 352 474 μὲν
374 385 423 473 ἐφ’
449 386 623 475 ἑπταπύλῳ
645 388 751 473 Θήβη,
773 389 947 472 Καδμηΐδι
969 395 1060 476 γαίη,

190 492 291 560 ὤλεσε
313 495 548 580 μαρναμένους
570 491 688 578 μήλων
710 491 791 558 ἕνεκ’
817 491 1015 578 Οἰδιπόδαο,

189 596 268 678 τοῦς
290 597 405 664 δὲκαὶ
428 600 466 665 έν
488 597 628 684 νήεσσιν
651 595 736 684 ῦπὲρ
761 600 845 682 μέγα
866 606 988 683 λαῖτμα
1008 599 1193 686 θαλάσσης

189 706 224 783 ές
249 708 373 790 Τροίην
395 700 532 789 ἀγαγὼν
549 700 687 786 Ἑλένης
708 700 790 769 ἕνεκ’
813 700 986 788 ήῦκόμοιο.
1140 724 1205 772 165

190 807 261 877 ἕνθ’
285 807 359 894 ήτοι
382 808 460 888 τοῦς
483 808 546 893 μὲν
568 807 725 875 θανάτου
744 810 840 886 τέλος
861 807 1092 894 ἀμφεκάλυψε·

188 928 259 994 τοῖς
281 913 320 981 δὲ
343 913 404 999 δίχ’
429 911 623 1000 ἀνθρώπων
645 917 763 998 βίοτον
783 915 840 980 καὶ
862 912 936 998 ήθέ
961 912 1108 994 ὀπάσσας

189 1017 275 1098 Ζεῦς
295 1021 468 1105 Κρονίδης
487 1017 670 1085 κατένασσε
690 1017 797 1103 πατήρ
820 1021 854 1096 ές
875 1025 1014 1106 πείρατα
1036 1027 1139 1106 γαίης,

190 1129 307 1210 [τηλοῦ
328 1121 382 1192 ἀπ’
407 1121 606 1190 ἀθανάτων·
628 1137 738 1190 τοῖσιν
761 1123 898 1209 Κρόνος
919 1125 1147 1210 ἐμβασιλεύει]

188 1234 244 1298 καὶ
265 1232 318 1299 τοὶ
340 1229 402 1316 μὲν
424 1236 582 1297 ναίουσιν
604 1226 731 1313 ἀκηδέα
752 1226 868 1314 θυμόν
891 1235 1022 1315 ἔχοντες
1140 1250 1189 1299 110

189 1340 226 1405 έν
249 1335 408 1424 μακάρων
429 1335 564 1421 νήσοισι
587 1333 662 1421 παρ’
683 1333 844 1401 Ὠκεανὸν
866 1339 1072 1421 βαθυδίνην,

189 1442 298 1528 ὄλβιοι
321 1440 437 1529 ήρωες,
458 1455 569 1508 τοῖσιν
591 1442 750 1525 μελιηδέα
772 1439 903 1527 καρπόν

188 1549 260 1635 τρὶς
282 1553 371 1626 ἔτεος
392 1546 564 1614 θάλλοντα
587 1546 683 1632 φέρει
706 1550 862 1631 ζείδωρος
882 1545 1023 1632 ἄρουρα.

276 1649 400 1737 Μηκέτ’
426 1649 521 1718 ἔπειτ’
546 1649 693 1736 ὤφειλον
716 1650 781 1737 έγω
802 1653 978 1738 πέμπτοισι
1000 1667 1145 1738 μετεῖναι

188 1757 364 1844 ἀνδράσιν,
382 1755 453 1824 ἀλλ’
468 1752 489 1843 ή
502 1755 634 1842 πρόσθε
646 1765 769 1825 θανεῖν
783 1754 805 1842 ἢ
820 1762 930 1824 ἔπειτα
942 1761 1111 1842 γενέσθαι.
1142 1777 1187 1826 115

188 1867 254 1932 νῦν
277 1860 341 1950 γὰρ
364 1859 406 1948 δὴ
429 1864 527 1947 γένος
548 1862 618 1928 ἐστὶ
641 1861 815 1949 σιδήρεον·
837 1860 1010 1931 οὐδέποτ’
1035 1856 1124 1952 ήμαρ

188 1968 374 2037 παύσονται
395 1966 546 2055 καμάτου
567 1967 623 2034 καὶ
646 1963 766 2055 ὀιζύος,
789 1967 873 2037 οῦδέ
892 1996 924 2037 τι
946 1969 1078 2058 νύκτωρ

189 2074 424 2163 φθειρόμενοι·
446 2072 588 2160 χαλεπάς
611 2072 649 2140 δέ
670 2074 748 2140 θεολ
770 2073 918 2141 δώσουσι
941 2081 1115 2163 μερίμνας·

190 2179 273 2265 [ἀλλ’
300 2186 403 2267 ἔμπης
423 2180 480 2245 καὶ
501 2194 588 2247 τοῖσι
611 2180 778 2265 μεμίξεται
801 2178 907 2247 έσθλά
928 2194 1091 2249 κακοῖσιν.

189 2284 273 2365 Ζεῦς
283 2283 315 2352 δ’
328 2284 436 2354 ὀλέσει
448 2285 505 2351 καὶ
517 2286 616 2352 τοῦτο
631 2286 729 2369 γένος
742 2284 898 2369 μερόπων
912 2283 1117 2371 ἀνθρώπων,
1141 2304 1186 2352 180

189 2385 252 2460 εὖτ’
278 2388 322 2457 ἀν
344 2388 535 2475 γεινόμενοι
556 2388 818 2475 πολιοκρόταφοι
839 2392 1046 2475 τελέθωσιν]

190 2494 270 2565 οῦδὲ
293 2490 399 2581 πατὴρ
421 2495 598 2559 παίδεσσιν
622 2489 752 2578 ὁμοίιος
774 2491 858 2561 οῦδέ
876 2520 910 2561 τι
931 2498 1058 2581 παῖδες,

189 2599 269 2670 οὐδὲ
292 2601 400 2680 ξεῖνος
422 2596 602 2688 ξεινοδόκῳ
624 2599 680 2666 καὶ
704 2600 833 2687 ἑταῖρος
855 2587 986 2690 ἑταίρῳ,

189 2704 269 2775 οῦδὲ
291 2710 488 2790 κασίγνητος
510 2708 609 2789 φίλος
632 2708 772 2789 ἔσσεται,
796 2700 841 2783 ὦς
862 2702 900 2771 τὸ
923 2703 1028 2792 πάρος
1050 2729 1119 2792 περ.

188 2808 270 2893 αἶψα
294 2810 331 2878 δὲ
353 2808 582 2898 γηράσκοντας
604 2805 804 2895 ἀτιμήσουσι
826 2813 960 2895 τοκήας·
1141 2828 1184 2877 185

188 2916 374 3003 μέμψονται
398 2911 430 2981 δ’
456 2913 523 3001 ἀρα
544 2912 623 2993 τοῦς
646 2921 800 2999 χαλεποῖς
820 2913 959 2999 βάζοντε
982 2919 1106 3002 ἔπεσσι,

189 3022 357 3107 [σχέτλιοι,
381 3016 461 3087 οῦδὲ
479 3023 572 3087 θεῶν
596 3018 675 3087 όπιν
699 3018 837 3099 εἰδότες·
861 3017 944 3087 οῦδέ
962 3046 1021 3088 κεν
1045 3024 1116 3106 οἵγε

186 3124 387 3214 γηράντεσσι
409 3128 566 3192 τοκεῦσιν
589 3121 655 3191 ἀπὸ
679 3124 866 3213 θρεπτήρια
890 3130 994 3210 δοῖεν,

187 3234 385 3318 χειροδίκαι·
410 3231 518 3315 ἕτερος
542 3226 574 3295 δ’
601 3229 716 3315 ἑτέρου
737 3229 837 3297 πόλιν
861 3229 1076 3315 ἐξαλαπάξει]

188 3334 272 3404 οὐδέ
291 3362 341 3415 τις
364 3333 507 3423 εὐόρκου
530 3334 624 3424 χάρις
648 3340 776 3404 ἔσσεται
801 3334 877 3404 οὔτε
900 3341 1033 3405 δικαίου
1142 3355 1184 3404 100

189 3438 255 3509 οῦτ’
282 3438 427 3527 ἀγαθοῦ,
450 3445 577 3528 μᾶλλον
601 3440 640 3508 δὲ
662 3446 773 3508 κακῶν
797 3441 939 3528 ῥεκτῆρα
961 3443 1018 3509 καὶ
1040 3441 1138 3530 ῦβριν
