2517 4050
393 275 590 328 οεοεοαιε.
948 275 991 339 35

11 413 38 474 ιί
59 405 94 494 ῤ’
121 405 182 494 ῆγε
206 407 364 494 δμηθεῖσ’
389 407 446 476 ὑπ’
469 408 595 496 Ἰήσονι
616 411 751 496 ποιμένι
773 413 865 476 λαων
925 429 994 478 1000

11 511 143 598 ίήδειον
166 515 238 582 τέκε
260 518 380 600 παῖδα,
401 513 463 584 τὸν
486 514 623 602 οὔρεσιν
646 520 762 602 ἔτρεφε
783 520 915 601 Χείρων

11 622 188 704 λιλυρίδης·
211 618 359 706 μεγάλου
382 617 420 685 δὲ
443 616 528 698 Διὸς
549 617 632 697 νόος
654 620 837 700 ἐξετελεῖτο.

72 721 190 810 Αίιτάρ
213 727 355 812 Νηρῆος
375 727 510 810 κοῦραι,
531 722 643 792 άλίοιο
667 725 841 812 γέροντος,

11 855 57 896 τοι
81 827 144 915 μὲν
170 833 291 897 Φῶκον
320 828 469 916 Ψαμάθη
492 830 564 896 τέκε
587 832 645 895 δῖα
667 828 783 896 θεάων

11 937 116 1001 λίακοῦ
140 935 178 1002 έν
201 933 355 1021 φιλότητι
377 932 434 1001 διὰ
456 937 602 1022 χρυσέην
622 933 840 1022 Ἀφροδίτην,
926 952 995 1002 1000

11 1040 94 1124 ῖηλέι·
117 1037 154 1107 δὲ
179 1041 346 1125 δμηθεῖσα
368 1036 433 1107 θεά
455 1040 550 1118 Θέτις
571 1037 780 1127 ἀργυρόπεζα

11 1140 110 1211 είνατ’
140 1141 295 1229 Ἀχιλλῆα
318 1144 502 1233 ῥηξήνορα,
523 1144 727 1230 θυμολέονα.

74 1253 217 1316 Αἰνείαν
241 1247 274 1315 δ’
299 1247 355 1336 ἄρ’
381 1254 504 1316 ἔτικτεν
528 1245 734 1333 ἐϋστέφανος
756 1247 924 1335 Κυθέρεια

11 1360 116 1443 ίγχίση
139 1352 228 1441 ῆρωῖ
249 1353 370 1440 μιγεῖσ’
397 1356 495 1441 ἑρατῆ
519 1352 672 1440 φιλότητι

11 1463 79 1546 [δης
102 1461 140 1528 έν
163 1463 334 1548 κορυφῇσι
356 1457 587 1544 πολυπτύχου,
609 1455 781 1544 ὑληέσσης.
926 1476 994 1525 1010

11 1571 93 1651 ίίρκη
119 1563 165 1650 δ’,
185 1563 320 1633 Ἠελίου
341 1564 497 1650 θυγάτηρ
515 1561 764 1652 Ὑπεριονίδαο,

11 1669 109 1739 ἐίνατ’
132 1668 315 1756 Ὀδυσσῆος
336 1675 582 1756 ταλασίφρονος
605 1671 643 1737 ἐν
665 1668 818 1756 φιλότητι

11 1783 125 1862 ίγριον
149 1772 211 1861 ἠδὲ
233 1782 382 1843 Λατῖνον
404 1773 561 1862 άμάμονά
584 1800 619 1842 τε
641 1774 803 1861 κρατερόν
825 1801 875 1860 τε,

11 1878 197 1966 Τηλέγονόν
219 1906 254 1947 τε
278 1886 381 1948 ἔτικτε
404 1878 461 1948 διὰ
484 1878 631 1969 χρυσέην
650 1877 874 1966 Ἀφροδίτην]

11 1985 26 2051 ί
44 1984 74 2054 δ’
100 1984 176 2073 ῆτοι
198 1984 287 2073 μάλα
309 1989 386 2072 τῆλε
409 1986 502 2075 μυχῷ
526 1985 642 2072 νήσων
666 1983 788 2072 ίεράων
926 2001 995 2051 1010

12 2094 87 2158 ιᾶσιν
114 2098 341 2178 Τυρσηνοῖσιν
364 2089 608 2176 ἀγακλειτοῖσιν
631 2089 791 2157 άνασσον.

12 2202 191 2265 λανσίθοον
215 2195 246 2264 δ’
269 2194 407 2282 Ὀδυσῆι·
427 2192 578 2276 Καλυψὼ
602 2198 659 2262 δῖα
680 2192 796 2262 θεάων

13 2307 119 2369 ἐίνατο
144 2300 344 2369 Ναυσίνοόν
367 2327 402 2369 τε
425 2298 547 2388 μιγεῖσ’
573 2302 672 2388 έρατῆ
695 2298 857 2386 φιλότητι.

74 2398 184 2474 Λῦται
206 2405 269 2491 μὲν
291 2415 450 2492 θνητοῖσι
471 2402 550 2491 παρ’
576 2403 745 2492 άυδράσιν
767 2402 964 2488 εὐνηθεῖσαι

14 2510 157 2580 ιθάναται
179 2516 341 2598 γείναντδ
353 2520 449 2592 θεοῖς
471 2513 634 2579 ἐπιείκελα
656 2510 765 2578 τέκνα.
925 2528 997 2577 1020

15 2618 53 2682 δν
76 2616 113 2685 δὲ
135 2620 308 2704 γυναικῶν
331 2621 441 2703 φῦλον
464 2614 612 2701 άείσατε,
636 2613 810 2701 ἡδυέπειαι

15 2724 127 2791 λίοῦσαι
145 2720 375 2810 Ὀλυμπιάδες,
397 2726 516 2807 κοῦραι
540 2717 625 2799 Διὸς
646 2719 809 2806 αἰγιόχοιο
816 2768 828 2805 ,
