2517 4050
138 991 437 1070 ΙΩΛΝΝΟΥ
472 991 600 1069 ΤΟΥ
637 992 942 1069 ΤΖΕΤΖΟΤ

210 1201 469 1301 ΓΕΝΟΣ
505 1201 866 1302 ΗΣΙΟΔΟΥ.

115 1545 272 1631 Ἡσίοδος
303 1548 367 1618 σὺν
398 1554 444 1642 τῷ
476 1549 611 1642 ἀδελφῷ
639 1551 754 1638 Πέρση
784 1561 861 1629 παῖς
892 1549 1039 1636 ἐγεγόνει

33 1661 123 1724 Δίου
141 1657 196 1724 καλ
215 1655 423 1744 Πνκιμηδης,
447 1662 611 1744 Κυμαίων
630 1659 794 1740 Αἰολέων,
812 1655 965 1742 πενήτων
983 1655 1039 1724 νἰν-

30 1761 197 1848 θρῶπων,
226 1767 262 1830 οἳ
291 1759 347 1829 διὰ
370 1760 408 1830 τὸ
431 1760 560 1850 α”πορον
582 1760 701 1830 καὶτὰ
724 1763 804 1849 χρέα
825 1759 886 1847 τὴν
911 1762 1039 1829 ἑαυτῶν

30 1871 175 1954 πατρίδα
193 1866 314 1954 Κύμην
332 1866 471 1952 ἀφέντες
489 1867 790 1954 μεταναστεύουσιν
816 1867 868 1934 έπλ
886 1863 948 1952 τὴν
961 1864 1038 1934 ’Ἁσ-

29 1998 128 2060 κρην,
155 1975 279 2060 χωρίον
302 1977 370 2042 τῶν
398 1977 556 2043 Βοιωτῶν
579 1976 794 2062 δυςχείμερον
817 1972 872 2041 καλ
899 1974 1038 2041 κακοδέ-

31 2105 141 2165 ρειον,
165 2080 240 2165 περὶ
262 2076 341 2157 τοὺς
362 2079 468 2158 πόδας
481 2080 638 2166 κειμένην
656 2083 716 2148 τοῦ
730 2078 923 2164 Ἑλικῶνος,
946 2076 1041 2146 κᾶκεῑ

30 2186 233 2254 κατοικοῦσι.
264 2182 400 2271 τοιαύτη
421 2183 457 2251 δὲ
476 2189 572 2272 πενίᾳ
586 2186 654 2251 τῶν
672 2182 864 2271 ἀνθρώπων
879 2204 1039 2270 συνεσχη-

32 2292 160 2378 μένων,
186 2290 310 2375 συνέβη
337 2287 397 2357 τὸν
420 2287 579 2358 Ἡσίοδον
606 2294 727 2359 τοῦτον
754 2289 905 2378 πρόβατα
932 2292 969 2358 έν
991 2294 1037 2380 τῷ

28 2394 183 2464 Ἑλικῶνι
205 2400 406 2481 ποιμαίνειν.
447 2397 529 2484 φασὶ
558 2395 596 2464 δὲ
619 2394 667 2476 ῶς
687 2398 785 2465 έννέα
807 2395 896 2475 τινὲς
918 2398 1038 2464 ἐλθοῦ-

32 2521 88 2568 οαι
115 2512 270 2585 γυναῖκες
281 2502 343 2569 ’καὶ
366 2501 571 2589 δρεψάμεναι
598 2505 728 2581 κλῶνας
750 2504 786 2571 ἐκ
808 2501 940 2588 δάφνης
952 2499 1038 2569 Ἐλι-

33 2607 207 2683 κωνίτιδος
241 2602 344 2673 αὐτὸν
377 2608 582 2691 ἐπεσίτισαν,
614 2607 670 2673 καὶ
705 2605 791 2675 οὕτω
829 2612 949 2693 σοφίας
982 2607 1039 2674 καί

34 2714 203 2799 ποιητικῆς
233 2710 449 2798 ἐμπεφόρητο.
499 2710 583 2780 ἄλλα
615 2710 655 2780 τὰ
689 2715 783 2799 μέχρι
815 2712 876 2800 μέν
908 2711 1038 2781 τούτων

35 2816 150 2905 δτρεκῆ
174 2842 209 2885 τε
235 2818 291 2907 καὶ
318 2814 527 2901 ἀληθέστατα
557 2815 607 2885 ὅτι
631 2831 707 2897 παῖς
730 2815 922 2897 δἩσίοδος
949 2823 1039 2885 Δίου

34 2924 87 2990 καὶ
110 2922 321 3008 Πυκιμήδης,
350 2922 405 2989 καὶ
430 2919 474 3001 ῶς
499 2920 581 2990 κατδι
603 2920 663 2991 τὸν
682 2920 843 2990 Ἑλικῶνα
867 2925 1038 3010 ἐποίμανε·

34 3027 77 3095 τὰ.
100 3026 131 3095 δ’
162 3030 322 3096 ἐντεῦθεν
349 3027 622 3115 μεμνθηηόρηται
647 3028 703 3095 καλ
731 3026 1038 3114 ἀλληγορικῶτερον

17 3137 201 3203 λέλεκται·
232 3130 253 3219 ἢ
277 3131 339 3221 γὰρ
363 3136 400 3203 έν
419 3138 465 3225 τῷ
488 3138 678 3221 ποιμαίνειν
701 3134 775 3221 περὶ
797 3131 857 3201 τὸν
876 3131 1038 3200 Ἑλικῶνα

36 3239 170 3327 ἐνόμευε
192 3242 245 3309 καὶ
269 3240 483 3328 καθευδήσας
506 3238 523 3308 ὁ
543 3237 699 3320 Ἡσίοδος
724 3238 808 3327 ὄναρ
827 3237 917 3307 εἶδεν
941 3240 1038 3307 ἐννέα

36 3360 192 3430 γυναῖκας
224 3346 356 3434 δάφνας
387 3345 476 3430 αὐτῷ
514 3345 724 3429 ψωμιζούσας
756 3344 894 3433 (ἐδήλου
925 3344 964 3411 δέ
998 3343 1036 3413 τὸ

36 3450 116 3539 ὄναρ
142 3453 275 3533 παντως
303 3451 348 3533 ῶς
375 3458 506 3537 πικρίας
531 3454 586 3520 καὶ
611 3454 727 3520 πόνων
755 3452 959 3539 μετεσχηκὼς
980 3457 1039 3539 τῆς
