2517 4050
236 253 276 314 14
651 253 821 306 ΗΣΙΟΔΟΤ

234 387 371 473 Πέρσην
393 385 440 472 θ’,
464 382 502 466 ὃς
522 389 579 455 καί
600 391 682 455 πάσι
704 389 902 474 μετέπρεπεν
925 389 1160 478 ἰδμοσύνῃσιν.
1246 402 1248 481 λ

318 491 477 583 Ἀστραίῳ
502 491 530 559 δ’
554 491 637 573 Ἠώς
659 490 805 580 ἀνέμους
826 496 897 561 τέκε
919 494 1200 583 καρτεροθύμους,

233 595 396 684 ἀργέστην
419 599 587 686 Ζέφυρον,
610 597 741 684 Βορέην
763 595 789 665 τ’
816 600 1105 685 αἰψηροκέλευθον

231 704 287 771 καλ
309 702 436 787 Νότον,
458 703 495 769 ἐν
519 701 672 788 φιλότητι
694 699 758 768 θεά
781 706 851 792 θεῷ
875 702 1064 790 εὐνηθεῖσα.
1185 725 1239 774 880

232 807 311 887 τοὺς
334 807 372 876 δὲ
394 805 459 894 μέτ’
485 805 607 894 ἀστέρα
629 813 737 875 τίκτεν
755 804 952 896 Ἑωσφόρον
973 808 1159 897 Ἠριγένεια

232 913 338 1000 ἀστρα
360 938 395 980 τε
418 910 665 998 λαμπετόωντα,
687 910 752 980 τότ’
778 911 923 1001 οὐρανὸς
946 915 1180 1001 ἐστεφάνωται.

318 1014 408 1098 Στὺξ
423 1013 452 1082 δ’
473 1014 549 1084 ἔτεκ’
563 1015 725 1084 Ὠκεανοῦ
743 1015 896 1104 θυγάτηρ
911 1018 1083 1087 Πάλλαντι
1102 1034 1236 1106 μιγεῖσα

232 1126 343 1208 Ζῆλον
366 1121 421 1188 καὶ
443 1126 554 1207 Νίκην
577 1127 808 1209 καλλίσφυρον
831 1123 868 1189 έν
891 1122 1078 1211 μεγάροισι·

230 1227 286 1295 καὶ
308 1227 440 1314 Κράτος
462 1224 522 1312 ηδε
545 1232 631 1312 Βίην
654 1225 842 1315 ἀριδείκετα
863 1235 997 1314 γείνατο
1018 1229 1131 1315 τέκνα,
1186 1249 1238 1298 385

229 1336 298 1400 τῶν
322 1330 383 1400 οὐκ
406 1329 467 1400 ἔστ’
493 1330 665 1400 ἀπάνευθε
688 1331 773 1412 Διὸς
796 1333 914 1420 δόμος,
937 1331 1020 1402 ούδέ
1038 1359 1089 1414 τις
1110 1337 1203 1423 ἕδρη,

11 1435 305 1553 ,κούδ’
330 1435 410 1516 ὁδός
432 1435 520 1525 ὅππη
544 1436 587 1524 μὴ
610 1443 735 1516 κείνοις
756 1437 839 1517 θεός
862 1436 1048 1528 ἡγεμονεύῃ

231 1539 299 1633 ἀλλά
324 1542 389 1608 αίεὶ
411 1541 477 1627 πάρ
501 1543 586 1626 Ζηνὶ
607 1541 807 1631 βαρυκτύπῳ
832 1542 1038 1629 ἑδριόωνται.

231 1643 276 1724 ὣς
297 1643 360 1732 γάρ
384 1645 560 1731 ἐβούλευσε
583 1643 675 1725 Στὺξ
698 1643 843 1731 ἀφθιτος
862 1645 1037 1733 Ὠκεανίνη

229 1751 330 1837 ἤματι
351 1754 396 1840 τῷ
421 1747 475 1817 ὅτε
498 1748 622 1828 πάντας
642 1747 818 1836 Ὀλύμπιος
839 1749 1064 1840 ἀστεροπητὴς
1184 1776 1240 1824 390

230 1852 422 1932 ἀθανάτους
445 1852 597 1921 ε’κάλεσσε
619 1852 723 1933 θεοὺς
746 1857 779 1934 ἐς
801 1854 929 1944 μακρὸν
942 1856 1124 1946 Ὄλυμπον,

230 1957 365 2045 εἴσιδ’,
389 1953 426 2038 δς
449 1953 492 2025 ἀν
515 1957 595 2045 μετά
619 1954 668 2027 εἷο
691 1963 783 2028 θεῶν
811 1964 925 2049 Τιτησι
948 1960 1096 2050 μάχοιτο,

229 2064 274 2153 μή
297 2063 357 2133 τιν’
383 2062 600 2152 ἀπορραίσειν
623 2064 765 2153 γεράων,
787 2065 886 2154 τιμὴν
911 2066 948 2136 δὲ
972 2070 1110 2136 ἕκαστον

230 2171 341 2258 ἑξέμεν
363 2166 408 2256 ἣν
429 2168 467 2239 τὸ
490 2172 594 2257 πάρος
617 2198 655 2257 γε
677 2168 741 2258 μετ’
767 2169 969 2240 ἀθανάτοισι
990 2182 1110 2241 θεοῖσι.

228 2274 288 2343 τὸν
321 2272 349 2342 δ’
375 2273 492 2361 ἔφαθ’,
530 2274 616 2355 όςτις
643 2275 759 2361 άτιμος
780 2275 845 2349 ὑπὸ
868 2277 1008 2363 Κρόνου
1030 2275 1085 2362 ηδ’
1116 2276 1235 2364 ἀγέρα-

862 2400 954 2463 στος,
1182 2402 1238 2452 395

227 2488 323 2572 τιμῆς
345 2486 400 2553 καὶ
423 2483 553 2571 γεράων
578 2483 774 2568 ἐπιβησέμεν
797 2480 818 2568 ἣ
841 2485 940 2569 θέμις
962 2484 1060 2550 ἐστίν.

228 2582 314 2675 ἦλθε
337 2587 369 2656 θ’
395 2586 460 2676 ἀρα
483 2586 594 2672 πρώτη
618 2583 708 2667 Στὺξ
731 2586 876 2673 ἀφθιτος
899 2586 1121 2674 Οὔλυμπόνδε

229 2693 292 2762 σὺν
316 2708 454 2782 σφοῖσιν
476 2695 631 2760 παίδεσσι
654 2698 756 2777 φίλου
780 2690 836 2759 διά
859 2692 964 2779 μήδεα
987 2693 1118 2780 πατρός.

227 2799 289 2887 τὴν
314 2800 351 2868 δὲ
374 2798 458 2878 Ζεὺς
479 2803 605 2884 τίμησε,
626 2795 766 2883 περισσὰ
790 2796 827 2865 δὲ
851 2795 927 2885 δῶρ’
953 2796 1130 2867 ἀπέδωκεν.
1246 2785 1247 2820 δ

228 2902 333 2991 αὐτὴν
352 2902 413 2990 μὲν
432 2900 494 2989 γάρ
510 2907 610 2987 ἔθηκε
628 2904 720 2969 θεῶν
743 2901 847 2988 μέγαν
870 2907 1006 2989 ἔμμεναι
1030 2900 1144 2990 ὅρκον,
1180 2925 1232 2974 400

226 3012 347 3087 παῖδας
370 3006 401 3076 δ’
425 3006 533 3095 ἤματα
555 3006 664 3076 πάντα
688 3006 746 3074 ἑού
769 3009 981 3093 μεταναιέτας
1004 3004 1100 3075 εἶναι.

227 3112 272 3193 ὥς
294 3111 322 3181 δ’
348 3110 455 3191 αὕτως
477 3110 635 3180 πάντεσσι
660 3114 845 3199 διαμπερές,
869 3110 973 3197 ὥςπερ
996 3109 1130 3199 ὑπέστη,

228 3214 413 3298 ἐξετέλεσσ·
436 3215 536 3295 αὐτὸς
559 3214 596 3284 δὲ
619 3216 701 3302 μέγα
723 3227 838 3302 κρατεῖ
857 3213 917 3302 ἠδὲ
940 3214 1086 3288 ἀνάσσει.

318 3326 425 3408 Φοίβη
449 3318 476 3389 δ
502 3313 546 3389 αὖ
569 3326 678 3389 Κοίου
695 3321 908 3409 πολυήρατον
925 3314 1032 3407 ἦλθεν
1055 3324 1088 3402 ἐς
1110 3322 1224 3410 εύνήυ·

226 3429 395 3514 κυσαμένη
420 3425 461 3513 δὴ
485 3431 595 3494 ἔπειτα
617 3424 681 3495 θεά
704 3430 789 3494 θεοῦ
812 3427 849 3493 έν
867 3426 1018 3514 φιλότητι
1100 3472 1106 3481 ·
1177 3448 1228 3498 405
