2517 4050
101 833 269 936 Perpauca
299 829 404 900 babeo
435 855 517 918 quae
549 855 669 918 parvae
699 831 774 898 huic
796 832 930 898 Hesiodi
952 856 1019 899 car-

12 923 140 988 minum
168 922 243 987 edit'
219 923 313 1005 troni,
354 943 451 1006 quam
482 921 608 986 librarii
640 922 765 987 monitu
800 922 973 1007 repetitam
1002 945 1019 987 1

12 1012 138 1076 maiore
171 1010 270 1076 Goett
240 1010 456 1112 ttlingiana
447 1033 482 1074 1n
514 1011 618 1075 lucem
647 1032 732 1075 nunc
762 1010 899 1095 protuli,
929 1033 1019 1095 prae·

14 1101 161 1202 mittam,
199 1122 271 1164 cum
297 1099 332 1162 in
358 1099 398 1163 iis
431 1092 696 1182 acquiescendum
727 1120 797 1162 esse
828 1099 1019 1182 putaverim,

14 1211 97 1272 quae
115 1189 151 1252 in
168 1188 268 1252 tertia
285 1186 384 1252 Goett
355 1186 479 1272 ttlingii
502 1186 642 1251 editione
660 1208 732 1250 sum
750 1171 925 1270 praefatus.
956 1186 1019 1251 Ne-

14 1299 77 1360 que
102 1277 188 1341 enim
211 1276 388 1341 addendam
410 1274 605 1340 recensionis
634 1274 802 1338 diversitt
753 1278 788 1338 ta
804 1295 855 1338 em
877 1297 936 1340 nec
956 1275 1020 1340 for-

14 1386 86 1428 mas
110 1364 274 1450 digamma
293 1364 372 1429 olim
394 1364 533 1428 instruct
534 1385 583 1447 11,
606 1385 687 1464 quas
709 1362 744 1425 in
761 1384 851 1426 meae
870 1362 946 1426 edit
922 1363 1020 1427 tronis

15 1455 145 1517 textum
167 1474 270 1537 nuper
292 1473 488 1536 receperam,
515 1451 656 1538 margini
679 1450 880 1515 subiciendas
904 1451 1021 1535 censui,

14 1561 120 1624 neque
152 1543 344 1625 apparatum
376 1540 536 1623 criticum,
567 1561 663 1623 quem
700 1543 733 1602 et
767 1537 952 1622 Koechlyus
988 1501 1022 1603 11

17 1626 257 1694 Schoemannus
281 1628 428 1713 quamvis
453 1628 599 1693 decurtat
565 1632 656 1692 atum
683 1627 881 1691 minutarum
910 1627 1021 1692 editio-

17 1739 95 1782 num
131 1718 235 1781 textui
269 1716 540 1801 subscripserant,
578 1716 631 1781 hic
670 1715 906 1800 congerendum
942 1737 1021 1799 esse,

18 1827 90 1870 eum
113 1805 304 1890 praesertim
327 1804 406 1870 haec
433 1804 610 1869 carminum
638 1803 781 1868 recensio
804 1825 876 1868 cum
899 1803 1021 1868 maiore

19 1893 158 1958 editione
191 1893 232 1958 ad
262 1894 396 1958 verbum
432 1895 597 1978 congruat.
647 1891 761 1975 Neque
797 1891 904 1976 magis
940 1892 1021 1955 illud

20 1983 153 2068 dignum
175 1984 355 2047 memoratu
378 1983 440 2066 est,
468 1981 506 2046 de
534 2003 598 2066 quo
621 1980 678 2046 alii
704 1980 739 2044 in
765 1979 1021 2065 praefationibus

20 2072 119 2135 verb'a
134 2069 240 2135 facere
259 2070 378 2154 solent,
397 2072 476 2154 quot
494 2070 575 2134 mihi
593 2069 722 2153 quidem
741 2069 916 2152 qualesque
939 2069 1023 2133 codi-

20 2182 92 2224 cum
113 2157 257 2223 familias
280 2179 351 2222 esse
375 2158 597 2222 discernendas
620 2157 727 2221 visum
750 2159 805 2238 sit,
829 2178 901 2220 cum
917 2177 1023 2240 neque

20 2248 88 2331 ipse
111 2268 214 2329 neque
237 2245 294 2310 alii
316 2245 377 2311 crit
377 2245 420 2310 ici
441 2244 530 2329 penit
530 2266 568 2309 us
516 2206 821 2309 tHesiodeoruin
844 2244 1023 2308 carminum

22 2335 127 2399 studio
151 2333 248 2399 dedit
224 2337 250 2397 t1
269 2370 311 2381 -
329 2331 530 2416 Koechlyum
553 2333 624 2398 dico
648 2336 681 2397 et
704 2330 961 2397 Schoemannum
978 2368 1022 2379 -

23 2420 110 2507 (nam
132 2422 277 2487 Rankius
306 2422 360 2487 vir
387 2422 580 2506 perficienda
604 2421 738 2486 molitus
766 2418 850 2507 erat)
877 2421 1023 2485 laborem

22 2511 113 2576 illum
135 2533 210 2575 vere
232 2510 428 2576 Herculeum
454 2531 557 2593 neque
585 2509 625 2573 ad
655 2512 781 2573 textum
808 2509 923 2573 melius
951 2531 1024 2573 con-

24 2599 217 2663 stituendum
241 2599 416 2683 quidquam
434 2598 656 2682 proficientem
674 2596 923 2680 susceperimus3
946 2601 1024 2661 sunt

24 2688 183 2751 enimvero
205 2686 240 2750 in
257 2709 322 2751 una
339 2686 537 2751 bibliotheca
549 2684 710 2750 Vaticana
728 2685 851 2749 codices
870 2684 1024 2749 Hesiodei

24 2774 108 2859 haud
129 2775 235 2839 minus
257 2774 341 2838 XLI.
380 2772 488 2839 Unam
512 2777 621 2838 autem
643 2796 712 2837 rem
734 2773 866 2837 minime
890 2794 959 2837 esse
983 2773 1023 2837 si·

24 2864 121 2927 lentio
148 2862 469 2947 praetermittendam
495 2861 647 2944 iudicavi,
678 2864 852 2945 postquam
884 2861 1022 2926 editores

25 2951 233 3036 celeberrimi,
263 2950 445 3034 Lennepius
481 2953 578 3033 atque
608 2948 807 3032 Koechlyus,
844 2971 915 3014 eam
950 2950 1027 3013 illu-

27 3042 162 3103 strantes
180 3038 362 3104 in·foedum
376 3059 518 3102 errorem
531 3037 655 3101 inducti
669 3041 756 3101 sunt:
776 3036 920 3102 codicum
933 3059 1025 3122 prae-

1 3170 3 3174 ·
27 3127 295 3191 stantissimorum
309 3129 342 3191 et
356 3125 669 3209 antiquissimorum,
686 3124 802 3209 quibus
816 3145 894 3210 prae
908 3125 1026 3189 ceteris

26 3236 99 3279 usus
126 3216 200 3299 sim,
228 3218 411 3280 accuratam
435 3212 691 3298 descriptionem.
725 3211 919 3277 Potissimus
938 3214 1023 3277 enim

0 3368 1 3383 ³
25 3302 161 3387 Operum
183 3306 217 3367 et
230 3302 364 3367 Dierum
387 3302 484 3367 codex
508 3306 558 3366 est
571 3300 654 3365 Med.
667 3300 784 3385 XXXI,
807 3302 849 3365 39
873 3322 954 3365 saec.
967 3299 1024 3384 XI,

25 3391 164 3455 omnium
176 3391 231 3474 qui
245 3392 285 3455 ad
300 3393 440 3455 aetatem
452 3393 599 3454 nostram
612 3393 827 3472 pervenerunt
841 3388 1024 3473 antiquissi-

24 3500 107 3561 mus,
129 3500 224 3562 quem
244 3478 511 3543 Parisinus-2771
531 3499 612 3541 saec.
631 3476 678 3540 XI
696 3481 729 3543 et
751 3476 849 3542 codex
873 3477 1023 3562 egregius

475 3657 750 3768 403887
