2517 4050
431 243 627 295 ΘΕΟΓΟΝΙΔ.
993 244 1035 306 25

22 382 83 465 τῆς
106 376 167 466 μὲν
190 378 415 465 ἐρειπομένης,
438 381 499 446 τοῦ
523 374 554 444 δ’
580 375 714 459 ὑψόθεν
738 376 954 465 ἐξεριπόντος,

21 482 145 563 τόσσος
168 487 295 562 δοῦπος
318 488 430 569 ἔγεντο
453 487 545 550 θεῶν
569 488 656 572 ἔριδι
679 482 874 564 ξυνιόντων.
982 505 1034 553 ⁷05

23 588 92 657 σὺν
116 587 148 657 δ’
174 589 297 676 άνεμοί
315 585 341 656 τ’
368 595 478 668 ἔνοσίς
500 614 536 656 τε
557 595 677 674 κονίην
700 587 923 676 ἐσφαράγιζον

24 693 189 782 [βροντήν
211 720 247 762 τε
271 693 436 780 στεροπήν
459 695 571 762 τεκαὶ
594 693 799 762 αἰθαλόεντα
821 693 998 781 κεραυνόν,

22 804 110 885 κῆλα
133 797 219 879 Διὸς
241 799 411 886 μεγάλοιο,
434 801 539 886 φέρον
565 797 596 866 δ’
623 799 722 886 ίαχήν
744 796 775 867 τ’
800 798 926 885 ἐνοπήν
948 804 997 882 τε]

25 907 58 983 ἐς
82 905 185 991 μέσον
209 902 420 992 ἀμφοτέρων,
444 903 562 991 ὄτοβος
586 903 617 972 δ’
644 904 789 991 α”πλητος
811 903 931 992 όροόρει

26 1011 232 1096 σμερδαλέης
255 1014 377 1097 ἔριδος,
399 1009 519 1096 κάρτος
543 1008 575 1076 δ’
600 1009 801 1097 άνεφαίνετο
826 1017 944 1098 ἔργων,
982 1030 1033 1078 710

26 1117 165 1203 ἐκλίνθη
190 1114 228 1183 δέ
251 1113 351 1202 μάχη·
374 1116 454 1202 πρὶν
478 1113 512 1181 δ’
538 1113 696 1202 άλλήλοις
719 1117 889 1202 ἐπέχοντες

25 1223 191 1308 ἐμμενέως
215 1219 377 1307 ἐμάχοντο
402 1218 458 1287 διά
480 1218 640 1308 κρατερὰς
662 1217 813 1305 ὑσμίνας.

27 1331 62 1393 οἳ
83 1324 114 1393 δ’
140 1323 191 1414 ἄρ’
217 1326 268 1393 έυὶ
291 1323 451 1413 πρώτοισι
474 1324 583 1411 μάχην
608 1327 761 1411 δριμείαν
785 1327 916 1408 ἔγειραν

26 1430 154 1510 Κόττος
175 1457 211 1498 τε
233 1429 406 1518 Βριάρεως
427 1456 462 1498 τε
485 1429 576 1516 Γύης
597 1427 623 1496 τ’
649 1426 749 1507 άατος
771 1431 940 1515 πολέμοιο,

27 1539 62 1603 οἵ
82 1539 124 1624 ῥα
146 1541 339 1624 τριηκοσίας
361 1537 482 1624 πέτρας
504 1539 672 1622 στιβαρῶν
696 1531 761 1602 άπὸ
784 1539 905 1621 χειρῶν
983 1555 1033 1603 715

26 1641 155 1729 πέμπον
179 1643 412 1729 ἐπασσυτέρας,
435 1639 517 1709 κατά
541 1639 572 1708 δ’
598 1643 757 1708 ἐσκίασαν
779 1643 927 1726 βελέεσσι

31 1749 183 1832 Τιτῆνας,
206 1746 262 1814 καὶ
285 1745 365 1825 τοὺς
387 1745 448 1832 μέν
470 1743 537 1813 ὑπὸ
561 1744 688 1832 χθονὸς
711 1744 907 1832 εὐρυοδείης

26 1852 159 1937 πέμψαν
181 1852 237 1917 καὶ
262 1853 434 1937 δεσμοῖσιν
458 1851 495 1917 ἐν
518 1847 733 1938 άργαλέοισιν
757 1854 893 1936 ἔδησαν,

25 1955 222 2043 νικήσαντες
245 1955 359 2044 χερσὶν
383 1952 600 2043 ὑπερθύμους
622 1980 683 2043 περ
707 1954 835 2040 ἐόντας,

26 2059 149 2129 τόσσον
197 2058 305 2148 ἔνερθ’
344 2057 410 2128 ὑπὸ
446 2066 526 2147 γης,
564 2058 646 2127 ὅσον
684 2058 829 2144 ούρανός
866 2058 927 2128 ἐστ’
966 2058 1032 2128 άπὸ

663 2171 773 2251 γαίης·
983 2185 1035 2233 ‘120

27 2269 103 2340 ἴσον
125 2272 189 2360 γάρ
211 2268 238 2339 τ’
263 2269 328 2340 άπὸ
351 2275 412 2358 γῆς
435 2274 469 2351 ές
493 2269 666 2358 Τάρταρον
689 2267 858 2356 ἠερόεντα.

28 2376 140 2461 [ἐννέα
163 2375 225 2465 γάρ
250 2375 372 2457 νύκτας
393 2402 428 2445 τε
449 2377 505 2444 καὶ
528 2375 636 2463 ἤματα
659 2376 796 2462 χάλκεος
818 2376 934 2465 άκμων

28 2481 221 2571 οὐρανόθεν
243 2481 366 2551 κατιτὺν
390 2481 509 2569 δεκάτη
534 2484 566 2560 ἐς
588 2495 689 2568 γαῖαν
711 2484 832 2550 ἵκοιτο·

27 2590 125 2658 ἐννέα
149 2586 181 2657 δ’
208 2580 251 2683 αὖ
275 2587 395 2667 νύκτας
417 2613 453 2655 τε
474 2587 531 2654 καὶ
553 2586 662 2673 ἤματα
685 2587 821 2674 χάλκεος
844 2586 959 2674 άκμων
1052 2585 1054 2590 ’

29 2695 62 2760 ἐκ
84 2697 181 2779 γαίης
202 2690 325 2761 κατιοδν
350 2691 468 2779 δεκάτη
492 2694 526 2771 ἐς
552 2689 690 2780 Τάρταρ’
716 2695 820 2759 ἵκοιτο
828 2697 849 2777 ·]
981 2712 1032 2760 ⁷25

28 2797 85 2866 τὸν
108 2801 183 2887 πέρι
206 2797 348 2884 χάλκεον
362 2799 466 2885 ’ἕρκος
488 2796 658 2883 ἐλήλαται·
681 2794 767 2884 άμφὶ
791 2799 831 2864 δέ
851 2824 909 2883 μιν
932 2797 993 2879 νὺξ

28 2905 203 2991 τριστοιχεὶ
225 2906 358 2989 κέχυται
381 2903 456 2989 περὶ
480 2901 610 2990 δειρήν·
634 2900 739 2988 αύτάρ
762 2901 911 2986 ὕπερθεν

28 3014 87 3096 γῆς
109 3013 194 3097 ῥίζαι
217 3008 365 3096 πεφύασι
387 3008 443 3075 καὶ
466 3005 660 3094 άτρυγέτοιο
683 3009 864 3095 θαλάσσης.

30 3118 112 3181 ἔνθα
134 3115 212 3183 θεολ
239 3117 376 3199 Τιτῆνες
398 3110 464 3181 ὑπὸ
489 3112 578 3204 ζόφφ
602 3111 752 3200 ἠερόεντι
881 3160 884 3165 -

29 3218 228 3307 κεκρύφαται
251 3223 394 3308 βουλῇσι
417 3216 502 3297 Διὸς
524 3221 795 3306 νεφεληγερέταο,
983 3239 1035 3287 τσο

31 3325 137 3417 [χύρφ
162 3328 199 3394 έν
223 3323 393 3413 εύρύεντι,
416 3322 566 3410 πελτόρης
589 3330 709 3410 ἔσχατα
730 3330 848 3409 γαίης]
969 3371 973 3376 ·

29 3445 97 3509 τοῖς
120 3430 181 3499 ούκ
205 3430 312 3513 ἐξιτόν
337 3433 416 3516 ἐστι,
438 3428 545 3509 πύλας
568 3427 599 3497 δ’
626 3432 766 3515 ἐπέθηκε
790 3431 966 3495 Ποσειδῶν
