2517 4050
421 235 618 288 οεονοΝΙΑ.
984 239 1024 302 31

104 368 220 460 Αὐτάρ
245 374 319 440 ἐπεί
338 373 380 458 ῥα
402 369 512 439 πόνον
534 371 679 458 μάκαρες
700 374 778 440 θεολ
801 373 1023 461 ἐξετέλεσσαν,

16 475 194 562 Τιτήνεσσι
218 476 256 544 δὲ
278 475 406 563 τιμάων
429 481 588 563 κρίναντο
611 483 726 564 βίηφι,

13 581 58 667 δή
83 585 124 668 ῥα
146 578 217 649 τότ’
244 580 398 667 ι’ότρυνον
421 584 641 668 βασιλευέμεν
664 582 726 668 ήδδ
748 581 910 652 ἀνάσσειν

14 692 118 772 Γαίης
140 685 423 775 φραδμοσύνῃσιν
443 685 623 773 Ὀλύμπιον
648 687 797 776 εὐρύοπα
820 694 892 776 Ζήν

14 791 211 860 ἀθανάτων·
236 790 264 860 ὁ,
279 791 316 860 δὲ
337 806 449 866 τοῖσιν,
470 791 508 860 έύ
531 795 730 863 διεδάσσατο
754 795 859 881 τιμάς.
973 813 1024 863 885

105 897 188 978 Ζεύς
200 898 237 966 δὲ
246 902 338 966 θεῶν
352 896 508 984 βασιλεύς
521 897 656 986 πρωτην
670 898 794 986 άλογον
809 902 889 969 θέτο
900 905 1026 987 Μήτιν,

15 1013 150 1073 πλεῖστα
173 1006 267 1070 θεῶν
289 1030 324 1071 τε
349 1007 463 1071 ἰδυῖαν
488 1003 538 1070 ἰδέ
561 1007 700 1090 θνητῶν
723 1003 924 1095 ἀνθρώπων.

17 1109 88 1178 ἀλλ’
114 1107 169 1178 ὅτε
193 1108 235 1195 δή
259 1107 291 1196 ῤ’
315 1109 436 1196 ἤμελλε
459 1107 545 1176 θεάν
568 1113 761 1195 γλαυκῶπιν
781 1109 930 1198 ’Λθήνην

18 1220 184 1302 τέξεσθαι,
206 1212 275 1282 τότ’
302 1221 412 1283 ἔπειτα
436 1215 525 1306 δόλφ
550 1216 677 1302 φρένας
700 1215 904 1302 ἐξαπατήσας
1031 1305 1035 1311 Ι

18 1325 201 1408 αἱμυλίοισι
224 1318 378 1405 λόγοισιν
402 1316 461 1407 ἑήν
484 1318 664 1388 ἐσκάτθετο
687 1316 797 1405 νηδύν
973 1340 1025 1390 890

19 1433 119 1514 Γαίης
142 1425 403 1514 φραδμοσύνῃσι
425 1426 481 1492 καί
506 1424 666 1512 Οὐρανοῦ
689 1423 912 1512 ἀστερόεντος.

18 1531 80 1612 τάς
100 1531 165 1618 γάρ
190 1534 225 1599 οἰ
246 1531 437 1618 φρασάτην,
460 1534 517 1598 ’ίνα
541 1528 585 1617 μή
608 1533 789 1616 βασιληίδα
811 1529 910 1618 τιμήν

20 1637 116 1718 άλλος
140 1643 197 1725 ἔχη
222 1635 307 1716 Διὸς
330 1635 405 1704 άντὶ
428 1640 521 1704 θεῶν
545 1634 788 1720 αἰειγενετάων.

21 1746 54 1809 ἐκ
75 1741 137 1830 γάρ
160 1747 219 1829 τῆς
242 1745 377 1828 εἵμαρτο
401 1745 590 1827 περίφρονα
612 1742 711 1808 τέκνα
734 1743 907 1826 γενέσθαι·

20 1852 150 1936 πρωτην
174 1847 236 1936 μὲν
259 1847 387 1933 κούρην
409 1845 625 1932 γλαυκώπιδα
653 1848 886 1932 Τριτογένειαν
974 1866 1026 1916 895

22 1953 92 2022 ἴσον
116 1960 260 2042 ἔχουσαν
283 1953 382 2039 πατρί
406 1953 505 2039 μένος
527 1951 583 2018 καὶ
606 1953 772 2038 ἐπίφρονα
794 1952 936 2038 βουλήν·

21 2058 121 2147 αὐτάρ
147 2058 245 2128 ἔπειτ’
271 2058 336 2145 άρα
359 2062 463 2125 παῖδα
485 2061 577 2125 θεῶν
600 2062 745 2143 βασιλήα
766 2058 823 2125 καί
845 2056 982 2144 άνδρῶν

21 2163 158 2251 ἤμελλεν
182 2166 352 2248 τέξεσθαι,
375 2160 537 2249 ὑπέρβιον
560 2154 642 2248 ήτορ
667 2167 797 2247 ἔχοντα·

21 2267 89 2337 ἀλλ’
115 2270 181 2358 άρα
204 2298 262 2359 μιν
287 2267 370 2347 Ζεύς
392 2267 545 2354 πρόσθεν
569 2266 628 2353 ἑὴν
652 2268 831 2336 ἐσκάτθετο
854 2268 980 2354 νηδύν,

23 2373 78 2457 [ὡς
101 2375 143 2462 δή
169 2379 204 2444 οἰ
224 2373 411 2462 φράσσαιτο
434 2371 499 2441 θεά
522 2372 657 2459 άγαθόν
679 2399 714 2441 τε
737 2372 840 2441 κακόν
862 2380 919 2458 τε]
974 2396 1026 2444 900

107 2481 279 2568 Δεύτερον
292 2478 433 2567 ἠγάγετο
448 2476 593 2565 λιπαρήν
608 2480 722 2566 (θέμιν,
736 2474 756 2564 ή
772 2480 865 2546 τέκεν
880 2477 1000 2567 Ὥρας,

24 2586 194 2675 Εὐνομίην
217 2611 252 2655 τε
277 2591 385 2671 Δίκην
409 2610 443 2652 τε
466 2584 521 2651 καί
544 2584 698 2671 Εἰρήνην
721 2580 917 2670 τεθαλυῖαν,

25 2690 82 2760 αἵτ’
108 2690 180 2780 ἔργ’
202 2689 369 2779 ὠρεύουσι
391 2699 632 2775 καταθνητοῖσι
654 2695 820 2775 βροτοῖσι,

24 2803 153 2883 Μοίρας
176 2794 226 2882 θ’,
248 2787 288 2883 ής
310 2801 466 2881 πλείστην
489 2792 588 2881 τιμήν
611 2793 693 2880 πόρε
716 2799 850 2880 μητίετα
874 2792 971 2881 Ζεύς,

26 2901 153 2969 Κλωθώ
167 2928 203 2970 τε
217 2900 364 2987 Λάχεσίν
378 2926 412 2968 τε
426 2899 482 2966 καὶ
494 2899 676 2987 Ἄτροπον,
694 2901 764 2965 αἵτε
783 2900 918 2965 διδοῦσι
975 2916 1026 2966 905

25 3014 160 3093 θνητοῖς
183 3003 418 3094 άνθρύποισιν
443 3010 529 3090 ἔχειν
553 3002 686 3090 άγαθόν
708 3028 744 3070 τε
766 3002 870 3070 κακόν
892 3027 935 3070 τε.

112 3120 207 3199 Τρεῖς
225 3112 265 3179 δέ
277 3114 311 3179 οί
323 3109 507 3198 Εὐρυνόμη
523 3108 669 3196 Χάριτας
685 3109 757 3176 τέκε
771 3106 1026 3195 καλλιπαρῄους,

27 3214 194 3297 [Ὠκεανοῦ
216 3215 336 3303 κούρη,
359 3214 571 3301 πολυήρατον
595 3212 685 3293 εἰδος
708 3216 855 3300 έχουσα,]

24 3318 173 3408 Ἀγλαΐην
196 3323 308 3390 τεκαὶ
332 3317 560 3406 Εὐφροσύνην
583 3325 711 3405 Θαλίην
733 3317 763 3387 τ’
789 3315 979 3404 ἐρατεινήν·

26 3430 89 3493 τῶν
112 3427 166 3494 καί
188 3424 252 3493 άπὸ
276 3424 456 3513 βλεφάρων
480 3430 555 3510 έρος
576 3430 683 3510 εἰβετο
707 3418 940 3511 δερκομενάων
975 3441 1028 3489 910
