2517 4050
436 237 633 290 ουουοαιι.
997 242 1040 306 23

117 373 268 441 Κέκλυιέ
285 399 357 458 μευ,
379 377 482 458 Γαίης
499 399 534 440 τε
551 373 607 440 καὶ
627 371 785 460 Οὐρανοῦ
804 372 911 460 ἀγλαδι
928 378 1039 464 τέκνα,

28 477 108 567 ὄφρ’
136 488 217 548 είπω
240 478 280 546 τά
303 504 343 564 με
366 476 477 564 θυμός
500 480 550 545 ἐνί
574 479 735 565 στήθεσσι
756 479 891 548 κελεύει.
986 501 1039 550 646

27 584 95 670 ἤδη
119 582 182 672 γάρ
206 583 295 671 μάλα
319 581 425 670 δηρδν
449 585 595 651 ἐναντίοι
619 582 792 671 ἀλλήλοισι

26 697 125 776 νίκης
147 691 203 757 καὶ
226 688 363 776 κράτεος
386 690 460 775 πέρι
484 687 673 777 μαρνάμεθ’
699 688 805 777 ἤματα
829 691 936 761 πάντα

33 799 170 883 Τιτῆνές
192 822 227 864 τε
250 795 328 863 θεοὶ
349 795 406 862 καὶ
429 793 504 863 όσοι
527 795 670 882 Κρόνου
693 796 928 885 ἐκγενόμεσθα.

26 901 125 989 ὑμεῖς
149 899 186 968 δὲ
209 899 357 987 μεγάλην
379 927 415 968 τε
437 906 516 986 βίην
539 902 594 968 καὶ
617 914 730 987 χεῖρας
751 899 898 983 ἀάπτους

27 1014 165 1092 φαίνετε
191 1005 387 1092 Τιτήνεσσιν
411 1007 558 1072 ἐναντίοι
583 1007 618 1074 ἐν
644 1009 702 1073 δαῒ
721 1011 843 1095 λυγρῇ,
986 1028 1039 1078 660

30 1111 240 1199 μνησάμενοι
264 1109 441 1196 φιλότητος
464 1111 592 1195 ἐνηέος,
617 1108 702 1178 ὅσσα
723 1111 890 1193 παθόντες

29 1221 63 1297 ἐς
85 1217 173 1305 φάος
195 1212 244 1297 ἀφ
266 1214 445 1303 ἀφίκεσθε,
471 1218 667 1302 δυςηλεγέος
690 1214 754 1284 ἀπὸ
779 1221 920 1306 δεσμοῦ,

29 1320 188 1409 ἡμετέρας
211 1320 267 1389 διὰ
290 1320 415 1408 βουλάς
436 1319 502 1389 ὑπὸ
527 1321 632 1408 ζόφου
654 1319 839 1408 ἠερόεντος.

109 1425 171 1508 Ὣς
184 1427 285 1514 φάτο·
299 1425 360 1495 τόν
375 1425 408 1494 δ’
425 1429 553 1508 ἐξαῦτις
566 1426 721 1513 ἀμείβετο
736 1428 864 1510 Κόττος
882 1428 1039 1518 ἀμύμων·

31 1533 192 1622 δαιμόνι’,
218 1532 279 1602 οὑκ
302 1531 430 1618 ἀδάητα
454 1532 648 1619 πιφαόκεαι·
671 1531 833 1603 ἀλλὰκαὶ
857 1534 953 1604 αὐτοὶ
987 1556 1039 1604 666

30 1645 143 1727 ίδμεν,
167 1639 187 1709 ό
209 1667 262 1708 τοι
284 1640 360 1726 περὶ
382 1638 443 1725 μέν
467 1642 643 1726 πραπίδες,
666 1642 741 1727 περὶ
765 1639 796 1708 δ’
823 1643 892 1709 ἐστὶ
915 1642 1037 1731 νόημα,

29 1744 151 1832 ἀλκτὴρ
176 1743 207 1812 δ’
234 1743 458 1812 ἀθανάτοισιν
481 1742 564 1830 ἀρῆς
586 1747 681 1830 γένεο
704 1761 869 1833 κρυεροῖο.

29 1849 180 1936 ἀφορρον
205 1848 237 1916 δ’
264 1851 407 1935 ἐξαῦτις,
432 1847 629 1936 ἀμειλίκτων
653 1848 717 1918 ἀπὸ
743 1854 890 1939 δεσμῶν,

29 1959 127 2053 σῇσιν
152 1955 418 2043 ἐπιφροσύνῃσιν
441 1953 506 2022 ὑπὸ
532 1953 637 2042 ζόφου
659 1953 836 2044 ἠερόεντος

28 2062 216 2150 ἠλύθομεν,
240 2060 378 2147 Κρόνου
402 2060 454 2129 υίὲ
477 2059 575 2145 ἀναξ,
599 2059 765 2128 ἀνάελπτα
787 2062 963 2141 παθόντες.
985 2083 1038 2132 660

28 2172 72 2257 τῷ
96 2170 151 2235 καὶ
174 2172 240 2237 νῦν
263 2166 375 2235 ἀτενεῖ
395 2193 430 2235 τε
453 2166 523 2256 νόῳ
547 2168 602 2233 καί
627 2169 783 2253 ἐπίφρονι
806 2170 913 2255 βουλῇ

29 2272 203 2360 ῥυσόμεθα
225 2272 345 2360 κράτος
367 2271 455 2360 ὑμὸν
480 2274 516 2339 ἐν
540 2276 617 2360 αἰνῇ
643 2275 807 2358 δηϊοτῆτι,

29 2380 237 2468 μαρνάμενοι
264 2382 400 2465 Τιτῆσιν
423 2376 488 2445 ἀνά
511 2377 673 2465 κρατερὰς
694 2376 846 2465 ὑσμίνας.

109 2483 170 2566 Ὣς
193 2483 285 2572 φάτ’·
310 2484 479 2573 ἐπῄνησαν
504 2483 541 2551 δέ
564 2490 655 2570 θεοί,
680 2489 826 2573 δωτῆρες
848 2485 951 2573 ἐάων,

30 2598 142 2678 μόθον
166 2590 383 2669 ἀκούσαντες·
406 2592 552 2675 πολέμου
576 2588 607 2655 δ’
635 2592 793 2659 ἐλιλαίετο
817 2590 927 2678 θυμός
986 2611 1039 2661 666

30 2696 221 2785 μᾶλλον,ἐτ’
243 2692 263 2781 η’
283 2696 479 2782 τοπάροιθε·
499 2692 608 2782 μάχην
628 2692 660 2759 δ’
681 2693 868 2783 ἀμέγαρτον
888 2702 1020 2783 ἔγειραν

30 2805 165 2888 πάντες,
188 2802 327 2889 θήλειαί
346 2828 380 2869 τε
403 2803 458 2868 καί
481 2800 633 2887 ἀρσενες,
656 2798 757 2887 ἤματι
779 2806 895 2891 κείνφ,

34 2912 167 2997 Τιτηνές
190 2935 224 2977 τε
246 2908 324 2977 θεοὶ
346 2907 402 2973 καλ
425 2904 499 2974 ὅσοι
523 2905 662 2993 Κρόνου
685 2908 890 2992 ἐξεγένοντο,

31 3014 87 3096 οὑς
108 3042 144 3085 τε
168 3012 252 3093 Ζεὺς
271 3011 466 3100 Ἐρέβεσφιν
489 3009 554 3078 ὑπὸ
578 3008 705 3097 χθονός
726 3003 784 3098 ἧκε
808 3012 953 3097 φόωςδε,

31 3124 139 3190 δεινοί
158 3146 194 3189 τε
215 3124 373 3207 κρατεροί
391 3143 441 3203 τε,
464 3123 543 3203 βίην
566 3114 756 3204 ὑπέροπλον
780 3123 918 3203 ἔχοντες.
984 3136 1036 3184 676

32 3231 110 3310 [τῶν
135 3224 253 3294 έκατδν
276 3224 337 3311 μέν
361 3237 467 3310 χεῖρες
490 3220 545 3289 ἀπ’
573 3222 673 3310 τόμιον
696 3222 855 3291 ἀίσσοντο

32 3338 131 3401 πᾶσιν
155 3330 260 3419 ὑμῶς,
283 3330 424 3416 κεφαλαὶ
449 3327 486 3396 δέ
510 3328 635 3419 ἑκάστῳ
659 3328 864 3415 πεντήκοντα

33 3440 63 3518 ἐξ
87 3437 189 3525 ὤμων
212 3438 380 3522 ἐπέφυκον
404 3434 457 3503 ἐπὶ
481 3439 668 3522 στιβαροῖσι
691 3435 868 3519 μέλεσσιν]
