2517 4050
359 253 469 302 A2P12
486 252 721 304 1101111εοοκ
993 254 1036 316 45

118 389 154 454 ἐν
180 386 217 454 δέ
240 390 332 453 συῶν
359 384 476 470 ἀγέλαι
499 386 654 472 χλούνων
678 392 759 454 ἔσαν
781 385 842 472 ἠδέ
864 385 1011 455 λεόντων

17 493 52 570 ἐς
79 490 191 578 σφέας
213 490 444 577 δερκομένων,
467 491 653 560 κοτεόντων
676 490 713 559 θ’
739 491 882 578 ίεμένων
904 518 948 559 τε.

15 601 94 664 τῶν
119 598 176 664 καὶ
200 593 362 683 ὁμιληδὸν
386 601 492 681 στίχες
514 594 628 682 ἥῖσαν·
652 595 732 664 ούδέ
755 623 799 664 νυ
820 602 910 682 τοίγε
988 617 1039 665 170

20 700 206 788 οὐδέτεροι
228 704 380 789 τρεέτην·
403 699 547 787 φρῖσσόν
570 727 608 786 γε
631 700 692 788 μέν
715 699 856 788 αὐχένας
876 699 986 788 άμφω.

17 805 90 892 ἤδη
116 805 181 892 γάρ
205 826 287 893 σφιν
311 813 414 874 ἔκειτο
438 807 539 892 μέγας
561 813 627 892 λῖς,
651 804 737 894 ἀμφὶ
761 806 799 874 δέ
820 805 941 892 κάπροι

21 916 135 995 δοιοί,
160 909 404 998 [ἀπουράμενοι
426 909 549 996 ψυχάς,
572 909 655 979 κατά
678 913 719 980 δέ
740 932 800 999 σφι
822 910 979 980 κελαινὸν

17 1013 98 1104 αἷμ’
125 1013 309 1100 ἀπελείβετ’
336 1012 437 1099 ἔραζ’·
461 1015 496 1080 οί
518 1011 562 1099 δ’,
586 1013 729 1101 αὐχένας
752 1014 970 1102 ἐξεριπόντες,

19 1126 155 1205 κείατο]
178 1122 367 1206 τεθνηῶτες
388 1116 453 1187 ὑπὸ
477 1124 674 1206 βλοσυροῖσι
696 1122 820 1188 λέουσι.
988 1140 1037 1188 110

19 1228 76 1293 τολ
103 1224 135 1292 δ’
163 1231 211 1294 ἐτι
234 1228 362 1312 μᾶλλον
387 1224 598 1309 ἐγειρέσθην,
621 1224 775 1291 κοτέοντε
797 1223 977 1312 μάχεσθαι,

20 1329 230 1416 ἀμφότεροι,
254 1331 398 1415 χλοῦναί
416 1354 451 1396 τε
475 1326 552 1407 σύες
574 1332 719 1413 χαροποί
736 1354 772 1395 τε
794 1331 932 1409 λέοντες.

119 1437 155 1502 έν
179 1432 216 1502 δ’
241 1427 286 1520 ἦν
308 1431 434 1520 ὑσμίνη
458 1432 649 1500 Λαπιθάων
672 1433 862 1519 αἰχμητάων

21 1540 158 1607 Καινέα
179 1536 209 1606 τ’
234 1536 320 1624 ἀμφὶ
343 1536 469 1605 ἀνακτα
493 1537 654 1623 Δρύαντά
676 1564 711 1606 τε
734 1539 922 1627 Πειρίθοόν
945 1567 980 1610 τε

15 1643 142 1714 Ὁπλέα
164 1642 194 1711 τ’
217 1642 370 1722 Ἐξάδιόν
392 1669 427 1710 τε
454 1641 612 1729 Φάληρόν
634 1670 670 1711 τε
692 1643 872 1731 Πρόλοχόν
893 1672 928 1714 τε
989 1666 1038 1714 100

21 1750 157 1830 Μόψον
179 1746 209 1815 τ’
231 1746 451 1834 Ἀμπυκίδην,
479 1747 695 1835 Τιταρήσιον,
720 1748 797 1830 ὄζον
820 1748 957 1836 Ἄρηος,

22 1856 140 1940 Θησέα
161 1852 190 1921 τ’
216 1855 394 1938 Αἰγείδην,
418 1853 601 1921 ἐπιείκελον
623 1851 861 1921 ἀθανάτοισιν·
1078 1858 1082 1866 “

22 1957 206 2048 ἀργύρεοι,
230 1957 367 2045 χρύσεια
389 1957 465 2044 περὶ
488 1961 565 2043 χρολΙ
585 1955 691 2043 τεύχε’
718 1963 856 2043 ἔχοντες.

23 2068 220 2151 Κένταυροι
244 2061 275 2129 δ’
303 2064 467 2151 ἑτέρωθεν
491 2064 639 2130 ἐναντίοι
661 2061 865 2149 ἠγερέθοντο

22 2171 116 2258 ἀμφὶ
139 2171 244 2257 μέγαν
266 2175 435 2253 Πετραῖον
459 2166 503 2234 ἰδ’
519 2166 688 2252 ’Ἄσβολον
712 2166 892 2253 οἰωνιστὴν
987 2190 1037 2239 185

13 2276 164 2365 Ἄρκτον
186 2272 216 2342 τ’
243 2271 388 2361 Οὔρειόν
411 2300 446 2342 τε
469 2280 691 2360 μελαγχαίτην
713 2300 748 2342 τε
772 2280 932 2361 Μίμαντα

23 2383 84 2449 καὶ
109 2378 172 2448 δύο
195 2381 396 2463 Πευκείδας,
419 2377 612 2465 Περιμήδεά
635 2405 671 2446 τε
695 2377 856 2465 Δρύαλόν
877 2406 928 2465 τε,

24 2485 205 2573 ἀργύρεοι,
228 2485 369 2571 χρυσέας
392 2481 507 2563 ἐλάτας
529 2485 566 2551 ἐν
589 2485 703 2572 χερσὶν
727 2488 867 2571 ἔχοντες.

24 2596 88 2658 καί
107 2614 143 2658 τε
167 2591 354 2673 συναΐγδην
378 2585 452 2665 άςελ
476 2594 556 2669 ζωοί
574 2612 635 2674 περ
659 2588 770 2668 ἐόντες

26 2702 162 2782 ἔγχεσιν
186 2691 240 2779 ἠδ’
266 2692 382 2780 ἐλάτης
405 2690 609 2778 αὐτοσχεδὸν
633 2691 835 2779 ὠριγνῶντο.
987 2714 1037 2763 100

119 2800 157 2866 έν
181 2796 212 2863 δ’
227 2796 346 2883 ’Ἀρεος
367 2802 548 2883 βλοσυροῖο
570 2795 737 2875 ποδώκεες
760 2800 901 2865 ἕστασαν
924 2802 1017 2866 ἵπποι

26 2902 182 2992 χρύσεοι,
205 2903 244 2969 ἐν
265 2902 303 2969 δέ
325 2902 380 2968 καλ
403 2900 504 2981 αὐτὸς
527 2900 715 2989 ἐναρφόρος
738 2900 853 2981 ούλιος
870 2902 972 2990 ’Ἁρης

26 3008 154 3098 αίχμίγν
178 3010 214 3076 ἐν
237 3014 403 3095 χείρεσσιν
427 3013 526 3095 έχων,
549 3009 727 3093 πρυλέεσσι
749 3007 909 3094 κελεύων,

26 3120 145 3201 αἵματι
169 3111 367 3200 φοινικόεις,
392 3109 466 3190 άςεὶ
490 3110 592 3192 ζωοὺς
615 3113 791 3197 ἐναρίζων,

28 3226 142 3310 δίφρῳ
166 3215 386 3304 ἐπεμβεβαύς·
409 3213 497 3303 παρὰ
522 3215 559 3283 δέ
583 3215 709 3303 Δεῖμός
730 3242 765 3284 τε
791 3215 902 3300 Φόβος
922 3242 958 3283 τε
987 3236 1036 3284 105

28 3329 176 3393 ἕστασαν
200 3324 325 3408 ίέμενοι
348 3320 495 3406 πόλεμον
518 3319 744 3406 καταδύμεναι
766 3318 910 3406 ἀνδρῶν.

121 3429 157 3495 ἐν
182 3425 220 3493 δέ
243 3424 327 3505 Διὸς
349 3424 502 3512 θυγάτηρ
526 3423 656 3510 ἀγελείη
684 3425 909 3511 Τριτογένεια,
