2517 4050
377 267 473 318 ΕΡΓΑ
492 269 554 319 ΚΑΙ
571 268 725 319 HMERAI.
1035 269 1074 331 61

53 403 248 485 παυρίδιον
272 399 415 481 ζώεσκον
439 401 492 469 ἐπὶ
514 399 651 488 χρόνον,
674 399 761 487 άλγέ
787 408 918 488 ἔχοντες
942 432 945 436 ’

55 500 248 593 ἀφραδίῃς·
270 503 373 591 ὕβριν
396 503 460 591 γάρ
483 503 679 574 ἀτάσθαλον
703 505 765 576 ούκ
788 507 952 576 ἐδύναντο

55 605 222 696 ἀλλήλων
246 608 391 697 ἀπέχειν,
416 608 488 677 ούδ
514 609 711 691 ἀθανάτους
732 612 934 698 θεραπεύειν
1025 632 1074 680 135

13 731 15 786 j
56 709 207 800 ἤθελον,
231 713 304 782 οὐδ’
330 719 440 800 ἔρδειν
464 713 622 801 μακάρων
647 720 750 802 ἱεροῖς
773 719 825 785 ἐπὶ
847 723 983 804 βωμοῖς,

57 813 79 903 ἣ
107 825 211 906 θέμις
234 817 449 906 ἀνθρώποισι
470 819 537 888 κατ’
562 820 659 907 ἤθεα.
694 820 774 903 τούς
796 823 858 910 μὲν
881 829 992 892 ἔπειτα

59 922 156 1004 Ζεὺς
177 928 350 1011 Κρονίδης
373 930 494 1012 ἔκρυψε
517 926 731 1013 χολούμενος,
756 925 879 996 ούνεκα
901 925 997 1014 τιμὰς
1020 919 1022 922 ⁴

11 1050 12 1059 ¹
60 1027 133 1096 οὐκ
155 1033 291 1098 ἐδίδουν
315 1029 497 1116 μακάρεσσι
519 1030 856 1119 θεοῖςόδὌλυμπον
880 1038 1023 1118 ἐχουσιν.

9 1166 11 1203 ι
60 1132 174 1224 αὐτὰρ
198 1137 268 1204 ἐπεὶ
290 1136 467 1203 καὶτοῦτο
490 1134 691 1222 γένοςκατά
713 1151 792 1221 γαῖα
814 1140 952 1224 κάλυψε,
1025 1157 1075 1205 140

9 1280 12 1331 ,ι
60 1241 123 1307 τοὶ
146 1241 204 1328 μὲν
227 1239 431 1327 ὑποχθόνιοι
455 1240 598 1328 μάκαρες
620 1244 742 1328 θνητοὶ
766 1245 952 1327 καλέονται,

8 1400 9 1411 ,
62 1346 230 1434 δεύτεροι,
254 1345 322 1414 ἀλλ’
350 1352 452 1433 ἔμπης
473 1345 550 1433 τιμὴ
573 1349 628 1414 καὶ
651 1362 760 1415 τοῖσιν
784 1345 910 1433 ὀπηδεῖ.

9 1442 12 1537 ί
158 1451 242 1532 Ζεύς
266 1453 304 1522 δέ
325 1451 432 1541 πατὴρ
455 1459 569 1538 τρίτον
593 1451 675 1520 ἀλλο
698 1455 796 1539 γένος
819 1451 974 1540 μερόπων
997 1451 1053 1520 ἀν·

8 1638 10 1657 Ὺ
705 1557 855 1646 θρώπων

8 1702 10 1735 ι
66 1661 222 1746 χάλκειον
245 1663 370 1750 ποίησ,
394 1663 454 1732 ούκ
477 1662 629 1755 ἀργυρέῳ
654 1662 755 1732 ούδέν
780 1662 910 1750 ὁμοῖον,

6 1791 9 1835 ·J
67 1769 106 1833 ἐκ
129 1773 258 1854 μελιᾶν,
282 1769 397 1838 δεινόν
419 1796 454 1838 τε
477 1771 532 1836 καὶ
556 1759 715 1856 ὄβριμον·
740 1765 966 1856 οἷσινἍρηος
1025 1790 1074 1838 145

9 1875 10 1903 ³
69 1872 135 1959 ἔργ’
160 1880 253 1961 ἔμελε
276 1873 457 1942 στονόεντα
478 1875 534 1941 καὶ
556 1872 683 1961 ὕβριες·
707 1873 790 1942 ούδέ
810 1901 841 1942 τι
866 1888 960 1943 σῖτον

6 1981 8 2032 ἓ
69 1975 207 2067 ἤσθιον,
231 1978 299 2050 ἀλλ’
326 1979 515 2068 ἀδάμαντος
539 1984 615 2065 ε”χον
638 1978 891 2067 κρατερόφρονα
913 1980 1040 2068 θυμόν,

70 2081 222 2170 ἀπλητοι·
246 2085 370 2173 μεγάλη
396 2085 433 2152 δὲ
454 2090 511 2171 βίη
534 2085 590 2151 καί
612 2099 717 2171 χεῖρες
739 2082 860 2152 άαπτοι

71 2190 102 2269 ἐξ
125 2188 226 2277 ώμων
250 2193 417 2277 ἐπέφυκον
440 2190 493 2257 ἐπὶ
516 2195 701 2275 στιβαροῖσι
725 2191 889 2274 μέλεσσιν.

73 2308 139 2374 τοῖς
158 2294 189 2362 δ’
209 2287 254 2382 ἦν
266 2296 393 2383 χάλκεα
411 2296 473 2383 μὲν
491 2294 618 2381 τεύχεα,
637 2294 768 2381 χάλκεοι
788 2297 828 2363 δέ
843 2321 878 2363 τε
897 2292 994 2382 οἴκοι,
1025 2316 1075 2365 150

73 2405 177 2493 χαλκῷ
202 2399 234 2488 δ’
260 2400 463 2489 εἰργάζοντο·
487 2402 587 2487 μέλας
610 2397 643 2466 δ’
671 2398 731 2468 ούκ
755 2404 828 2468 ἔσκε
851 2403 997 2486 σίδηρος.

72 2507 123 2573 καὶ
145 2507 198 2575 τοί
221 2506 283 2593 μὲν
306 2512 472 2594 χείρεσσιν
495 2504 559 2573 ύπο
584 2508 761 2593 σφετέρῃσι
786 2508 945 2593 δαμέντες

6 2657 9 2679 ,τ
72 2614 178 2696 βῆσαν
202 2612 236 2689 ἐς
258 2608 424 2698 εὐρώεντα
448 2610 555 2698 δόμον
577 2615 723 2696 κρυεροῦ
743 2608 867 2696 Ἀίδαο,

6 2680 8 2739 δ
73 2715 257 2801 νώνυμνοι·
279 2713 429 2794 θάνατος
452 2714 567 2783 δὲκαὶ
590 2714 774 2801 ἐκπάγλους
795 2739 856 2802 περ
880 2714 997 2796 ἐόντας

6 2820 8 2903 ί
73 2814 136 2889 εἷλε
159 2821 270 2906 μέλας,
293 2818 445 2907 λαμπρόν
470 2819 501 2888 δ’
528 2826 643 2889 ἔλιπον
666 2819 753 2908 φάος
775 2818 910 2907 ἠελίοιο.
1025 2840 1075 2889 155

6 2960 9 3053 χ
158 2922 273 3011 Αύτάρ
288 2926 357 2992 ἐπεὶ
371 2926 426 2992 καὶ
439 2930 538 2994 τοῦτο
552 2927 650 3013 γένος
663 2923 745 2993 κατά
758 2942 837 3012 γαῖα
850 2927 1010 3013 κάλυψεν,

6 3062 7 3081 1
74 3023 165 3110 αὖτις
189 3026 228 3097 ἔτ’
255 3026 337 3095 άλλο
359 3031 516 3115 τέταρτον
540 3032 593 3099 ἐπὶ
615 3031 716 3117 χθονὶ
741 3038 984 3120 πουλυβοτείρη

74 3134 153 3214 Ζεύς
176 3137 349 3222 Κρονίδης
370 3140 498 3221 ποίησε,
523 3135 732 3226 δικαιότερον
754 3138 809 3205 καὶ
832 3136 958 3224 άρειον,

74 3238 208 3327 ἀνδρῶν
231 3236 352 3327 ἡρώων
375 3248 474 3307 θεῖον
497 3242 602 3327 γένος,
627 3247 662 3308 οἳ
682 3243 857 3310 καλέονται

6 3374 7 3377 ’
74 3343 206 3433 ἡμίθεοι
229 3348 371 3432 προτέρη
394 3349 492 3433 γενεῇ
515 3344 581 3414 κατ’
607 3344 769 3433 ἀπείρονα
790 3361 901 3433 γαῖαν.
1026 3366 1076 3417 160

7 3516 8 3543 ἒ
76 3448 220 3531 καὶτοὺς
238 3450 299 3537 μὲν
317 3450 461 3537 πόλεμός
477 3476 512 3519 τε
530 3450 631 3531 κακός
646 3453 701 3519 καί
721 3450 866 3538 φύλοπις
884 3450 961 3538 αἰνὴ
