2517 4050
247 218 286 278 10
664 217 832 269 ΗΣΙΟΔΟΤ

243 350 298 417 καί
326 349 494 436 Ψαμάθη,
517 355 675 436 χαρίεσσα
699 351 813 437 δέμας,
837 355 892 439 δίη
915 378 950 420 τε
973 358 1148 440 Μενίππη,
1196 318 1245 429 2οά

244 453 350 539 Νησύ
372 453 401 523 τ’
427 454 592 542 Εὐπόμπη
614 481 666 540 τε,
689 454 839 543 Θεμιστώ
861 482 896 524 τε
919 457 1059 544 Προνόη
1081 484 1131 544 τε,

243 559 420 647 Νημερτής
441 558 491 646 θ’,
514 556 535 646 ῆ
558 558 682 649 πατρὸς
705 565 772 647 ἔχει
793 558 878 628 νόον
901 557 1096 631 ἀθανάτοιο.

244 656 341 732 αῦται
364 663 426 752 μὲν
448 669 587 753 Νηρῆος
608 664 781 751 ἀμύμονος
803 666 993 750 ἐξεγένοντο

243 773 363 857 κοῦραι
385 769 603 856 πεντήκοντα,
627 767 783 856 ἀμύμονα
807 775 887 856 ἔργα
911 774 1026 840 ἰδυῖαι.

333 978 468 1065 Θαύμας
490 978 522 1046 δ’
544 978 715 1049 Ὠκεανοῖο
738 986 963 1069 βαθυρρείταο
986 980 1140 1070 θύγατρα
1198 1002 1243 1052 κοί

244 1082 374 1169 η’γάγεί
396 1083 588 1172 Ἠλέκτρην·
610 1082 632 1170 ῆ
658 1082 690 1151 δ’
716 1083 837 1153 ὠκεῖαν
859 1087 952 1154 τέκεν
977 1079 1078 1174 Ἰριν,

244 1185 412 1275 ῆῦκόμους
434 1186 471 1256 θ’
488 1188 665 1277 Ἅρπυιας,
686 1188 806 1258 Ἀελλοό
827 1187 857 1258 τ’
879 1189 1061 1277 Ὠκυπέτην
1083 1219 1136 1279 τε,
1247 1268 1249 1289 ι

244 1297 282 1361 αἰ
302 1293 333 1382 ῤ’
359 1292 491 1382 ἀνέμων
514 1297 652 1384 πνοιῇσι
673 1296 729 1362 καί
753 1300 887 1375 οἰωνοῖς
908 1293 965 1382 ἀμ’
992 1299 1127 1364 ἕπονται

246 1399 363 1490 ὠκείης
384 1400 593 1487 πτερύγεσσι·
617 1400 831 1486 μεταχρόνιαι
853 1400 917 1489 γὰρ
940 1409 1065 1470 ίαλλον.

335 1504 465 1592 Φόρκυι·
478 1504 508 1571 δ’
525 1497 569 1572 αῦ
583 1504 683 1590 Κητω
697 1511 822 1590 Γραίας
835 1508 906 1574 τέκε
919 1506 1166 1595 καλλιπαρῄους
1198 1527 1230 1576 27

245 1615 293 1695 [ἐκ
316 1614 450 1696 γενετῆς
472 1609 603 1694 πολιάς,
626 1607 685 1688 τάς
708 1608 749 1696 δῇ
772 1616 896 1696 Γραίας
917 1614 1096 1679 καλέουσιν

242 1716 412 1784 ἀθάνατοί
431 1739 465 1781 τε
487 1714 565 1781 θεολ
587 1715 688 1800 χαμαί
711 1713 889 1800 ἐρχόμενοί
907 1713 939 1781 τ’
962 1713 1169 1803 ἀνθρωποι,]

243 1820 413 1906 Πεφρηδά
436 1817 465 1885 τ’
492 1816 657 1886 εῦπεπλον
677 1816 783 1886 Ἐνυώ
806 1846 841 1887 τε
863 1820 1103 1906 κροκόπεπλον,

244 1924 393 2012 Γοργούς
415 1921 466 2008 θ’,
489 1928 527 1989 αἳ
546 1928 681 1990 ναίουσι
703 1926 807 2011 πέρην
829 1930 953 1994 κλυτοῦ
974 1925 1161 2012 Ὠκεανοῖο,

244 2033 375 2119 ἐσχατιῇ
399 2026 482 2117 πρὸς
504 2028 640 2115 νυκτός,
663 2028 709 2097 ἵν’
729 2028 919 2116 Ἑσπερίδες
941 2032 1141 2119 λιγύφωνοι,
1198 2053 1232 2101 27

242 2135 380 2205 Σθεινω
403 2134 432 2205 τ’
458 2133 617 2223 Εὐρυάλη
641 2162 676 2204 τε
699 2136 863 2205 Μέδουσά
885 2163 920 2205 τε
942 2136 1049 2225 λνγρδι
1071 2142 1242 2206 παθοῦσα.

242 2242 263 2329 ῆ
286 2242 431 2329 μὲνέην
454 2241 579 2328 θνητῆ,
602 2245 640 2309 αί
661 2240 692 2308 δ’
717 2241 884 2311 ἀθάνατοι
906 2244 961 2310 καί
984 2241 1116 2333 ἀγῆρηο,

243 2350 281 2415 αἰ
302 2346 380 2414 δύο·
402 2350 441 2433 τῇ
466 2343 504 2413 δέ
527 2349 585 2432 μιῇ
608 2347 805 2432 παρελέξατο
829 2353 1062 2431 Κυανοχαίτης

243 2454 279 2519 έν
302 2452 437 2542 μαλακῇ
461 2451 598 2535 λειμῶνι
620 2450 676 2516 καὶ
698 2448 841 2516 ἀνθεσιν
863 2453 1048 2535 εἰαρινοῖσι.

240 2561 299 2643 τῆς
322 2554 353 2623 δ’
381 2554 434 2623 ὅτε
449 2551 490 2641 δῆ
505 2552 656 2641 Περσεύς
668 2551 817 2640 κεφαλῆν
831 2550 1144 2644 ἀπεδειροτόμησεν,
1198 2548 1246 2628 ΞΒΟ

243 2668 362 2749 ἔκθορε
385 2658 552 2749 Χρυσάωρ
575 2685 611 2727 τε
633 2663 734 2746 μέγας
754 2660 810 2727 καί
833 2658 991 2746 Πῆγασος
1013 2665 1121 2742 ἵππος.
1230 2722 1233 2727 .

105 2848 111 2857 ·
242 2770 287 2858 τῷ
311 2766 372 2854 μέν
395 2764 571 2851 έπεόνυμον
594 2756 652 2850 ῆν,
675 2762 724 2832 ὅτ’
749 2762 803 2851 ἀρ’
826 2763 988 2835 Ὠκεανοῦ
1010 2769 1085 2855 περὶ
1108 2768 1217 2855 πηγὰς

241 2870 350 2958 γένθ’,
374 2868 392 2939 ὁ
416 2868 448 2936 δ’
473 2868 536 2957 άορ
559 2868 717 2956 χρύσειον
741 2875 813 2956 έχεν
836 2869 918 2957 μετδι
939 2874 1032 2960 χερσὶ
1055 2878 1181 2963 φίλησι.

241 2976 288 3064 χά
302 2974 363 3063 μὲν
377 2973 616 3061 ἀποπτάμενος,
639 2973 812 3062 προλιπὼν
825 2975 936 3062 χθόνα
954 2980 1079 3065 μητέρα
1092 2979 1225 3066 μήλων,

241 3080 320 3150 ἵκετ’
346 3083 379 3160 ές
400 3079 738 3166 ἀθανάτους·.Ζηνὸς
761 3079 793 3147 δ’
819 3084 855 3149 έν
880 3080 1009 3168 δώμασι
1032 3088 1135 3171 ναίει,
1195 3100 1246 3151 286

239 3184 386 3274 βροντήν
409 3210 443 3273 τε
467 3184 630 3272 στεροπῆν
653 3211 689 3253 τε
711 3188 826 3274 φέρων
850 3186 910 3253 Διί
932 3186 1109 3272 μητιόεντι.

328 3288 493 3378 Χρυσάωρ
518 3288 550 3357 δ’
577 3296 664 3359 έτεκε
686 3292 887 3379 τρικέφαλον
910 3297 1090 3381 Γηρυονῆα

239 3398 371 3483 μιχθεὶς
393 3395 564 3485 Καλλιρόη
587 3397 693 3486 κούρη
715 3401 838 3465 κλυτοῦ
858 3394 1039 3468 Ὠκεανοῖο.
