2517 4050
212 1235 426 1331 ΑΣΠΙΣ
453 1235 881 1333 ΗΡΑΚΛΕΟΤΣ.

1 1530 69 1632 Η
94 1568 155 1651 οἵη
180 1568 389 1652 προλιποῦσα
414 1563 540 1692 δόμους
562 1565 617 1632 καί
640 1568 783 1651 πατρίδα
806 1579 906 1650 γαῖαν

4 1669 146 1757 ήλυθεν
172 1670 206 1748 ές
228 1667 340 1753 Θήβας
362 1665 427 1755 μετ’
452 1666 573 1755 άρήίον
593 1666 826 1756 Ἀμφιτρύωνα

1 1775 191 1863 Ἀλκμήνη,
214 1772 368 1860 θυγάτηρ
391 1773 560 1841 λαοσσόου
579 1771 832 1859 Ἠλεκτρύωνος.

4 1881 27 1968 ἥ
53 1884 100 1968 ῥα
124 1883 298 1966 γυναικῶν
321 1883 431 1965 φῦλον
455 1881 608 1947 ἐκαίνυτο
631 1879 852 1967 θηλυτεράων

5 1990 102 2055 είθεΐ
120 2010 156 2053 τε
179 1985 313 2072 μεγέθει
335 2004 383 2052 τε·
406 1982 491 2052 νόον
514 2009 550 2069 γε
574 1982 700 2071 μὲν”
660 2010 751 2063 ουτις
774 1991 857 2073 ἔριζε
1007 2004 1026 2055 σ

4 2092 121 2176 τάων,
141 2086 182 2168 ἃς
204 2090 329 2175 θνηταὶ
351 2097 491 2175 θνητοῖς
513 2092 610 2157 τέκον
634 2087 838 2175 εύνηθεῖσαι.

4 2204 70 2284 τῆς
94 2197 149 2265 καί
174 2194 238 2263 άπὸ
261 2200 390 2282 κρῆθεν
413 2194 592 2281 βλεφάρων
614 2192 640 2262 τ’
665 2193 730 2261 άπο
752 2194 966 2263 κυανεόντων

4 2318 112 2372 τοῖον
134 2298 211 2386 ἄηθ’
238 2296 314 2369 οἷόν
336 2326 371 2368 τε
394 2300 608 2388 πολυχρύσου
629 2298 833 2387 Ἀφροδίτης.

5 2407 28 2495 ή
58 2406 100 2475 δὲ
122 2406 176 2474 καλ
199 2402 245 2485 τός
267 2404 350 2474 κατὰ
371 2404 487 2492 θυμὸν
510 2404 568 2474 ἑὸν
590 2412 719 2473 τίεσκεν
741 2404 891 2492 άκοίτηυ,

7 2512 58 2592 ὡς
85 2510 177 2578 ούπω
200 2538 250 2589 τις
273 2516 359 2578 ἔτισε
381 2515 552 2597 γυναικῶν
575 2510 808 2598 θηλυτεράων·
991 2533 1026 2582 10

7 2611 31 2703 ἦ
60 2616 126 2703 μὲν
149 2619 185 2683 οί
204 2614 313 2701 πατέρ’
340 2613 466 2683 ἐσθλόν
488 2613 671 2683 άπέκτανεν
695 2614 748 2702 ἶφι
772 2615 953 2702 δαμάσσας,

9 2719 208 2809 χωσάμενος
230 2721 304 2807 περὶ
328 2726 441 2805 βουσί·
464 2718 570 2787 λιπών
594 2717 626 2786 δ’
653 2717 710 2804 όγε
732 2725 876 2808 πατρίδα
897 2736 997 2807 γαῖαν

10 2831 47 2907 ἐς
71 2825 184 2912 Θήβας
207 2825 352 2892 ἱκέτευσε
375 2825 598 2910 φερεσσακέας
619 2828 821 2911 Καδμείους.

10 2930 87 2999 ἔνθ’
115 2930 171 3016 ὅγε
194 2926 315 3015 δώματ’
342 2934 432 2997 ἔναιε
456 2928 519 2997 σύν
543 2932 656 3016 αίύοίη
679 2936 855 3016 παρακοίτι

9 3037 144 3123 νόσφιν
164 3034 242 3124 άτερ
267 3036 446 3121 φιλότητος
469 3037 641 3122 ἐφιμέρου,
666 3032 749 3103 ούύέ
769 3039 805 3103 οί
824 3028 885 3122 ήεν
991 3057 1023 3103 15

10 3143 97 3228 πρὶν
120 3144 240 3229 λεχέων
265 3144 419 3227 ἐπιβῆναι
443 3140 617 3227 έύσφύρου
637 3138 896 3230 Ἠλεκτρυώνης,

11 3253 97 3332 πρίν
120 3274 157 3333 γε
177 3247 284 3316 πόνον
307 3254 434 3315 τίσαιτο
458 3245 668 3338 κασιγνήτων
691 3247 895 3333 μεγαθύμων

12 3347 57 3439 ἧς
79 3350 214 3439 άλόχου,
237 3357 369 3445 μαλερῷ
395 3351 431 3419 δὲ
453 3352 654 3437 καταφλέξαι
677 3354 757 3438 πυρὶ
780 3350 894 3437 κάμας

12 3457 154 3545 άνύρῶν
176 3457 297 3545 ήρύων
322 3462 461 3545 Ταφίων
485 3456 536 3524 ίδέ
563 3457 770 3542 Τηλεβοάων.
