2517 4050
22 264 24 402 J
400 315 493 364 Em
511 314 576 366 ΚΑΙ
594 314 744 369 ΗΜΕΡΑΙ.
1037 315 1079 377 75

21 408 23 522 s
63 451 215 515 Δείκνυε
238 446 276 515 δὲ
300 445 460 534 δμώεσσι,
482 448 604 535 θέρευς
626 453 674 515 ἔτι
696 450 822 536 μέσσου
845 448 970 529 ἐόντος·

20 550 22 616 λ
62 549 160 637 ,,ούκ
184 552 248 620 αίεί
270 555 373 639 θέρος
396 554 553 638 ἐσσεῖται,
575 563 728 621 ποιεῖσθε
750 554 895 634 καλιάς.“

18 843 19 864 ρ
153 767 261 849 Μήνα
276 761 313 831 δὲ
334 767 531 849 Ληναιῶνα,
549 761 623 831 κάκ’
645 761 769 849 ήματα,
787 759 938 850 βουδόρα
955 762 1075 849 πάντα,

18 867 19 874 '
61 871 188 936 τοῦτον
211 867 414 954 άλεύασθαι,
437 869 492 936 καῖ
515 867 683 954 πηγάδας,
708 866 772 936 αἴτ’
798 869 850 936 ἐπὶ
874 883 973 954 γαῖαν
1023 888 1075 938 505

61 971 273 1054 πνεύσαντος
295 977 424 1061 Βορέαο
450 976 643 1059 δυςηλεχέες
664 976 880 1059 τελέθουσιν,

63 1075 138 1156 ὅςτε
165 1076 220 1146 διά
243 1077 375 1166 Θρῄκης
397 1077 609 1164 ἱπποτρόφου
632 1077 724 1162 εόρέῖ
744 1076 858 1166 πόντῳ

63 1183 253 1268 ἐμπνεύσας
276 1183 389 1272 άρινε·
413 1185 536 1270 μέμυκε
561 1182 598 1250 δὲ
619 1196 699 1268 γαῖα
721 1184 776 1249 καὶ
798 1179 877 1268 ὕλη·

62 1287 191 1368 πολλάς
214 1289 252 1357 δὲ
275 1293 357 1376 δρῦς
378 1286 566 1375 ὑψικόμους
589 1286 705 1366 ἐλάτας
726 1313 762 1354 τε
784 1292 919 1372 παχείας

65 1393 186 1480 οὔρεος
209 1395 245 1462 ἐν
268 1393 397 1481 βήσσης
418 1397 520 1482 πιλνᾷ
542 1393 645 1479 χθονὶ
667 1396 910 1478 πουλυβοτείρῃ
1022 1410 1074 1460 510

63 1503 251 1586 ἐμπίπτων,
273 1499 329 1565 καὶ
352 1502 441 1565 πάσα
463 1501 527 1586 βοᾷ
550 1497 624 1565 τότε
646 1496 783 1583 νήριτος
804 1495 877 1582 ὕλη.

63 1608 172 1692 θήρες
195 1601 233 1671 δὲ
256 1600 448 1689 φρίσσουσ’,
472 1599 575 1689 οὐράς
598 1599 630 1668 δ’
656 1599 721 1669 ὑπὸ
744 1598 828 1688 μέζε’
854 1607 987 1687 ἔθεντο,

63 1817 133 1881 τῶν
156 1814 211 1881 καῖ
234 1813 340 1900 λάχνη
365 1814 469 1899 δέρμα
486 1811 681 1879 κατάσκιον·
704 1810 789 1879 άλλά
811 1839 856 1880 νυ
877 1813 1022 1880 καὶτῶν

63 1915 193 2006 ψυχρὸς
216 1915 281 1985 ἐάν
306 1916 420 2001 διάησι
444 1917 683 2002 δασυστέρνων
705 1940 766 2003 περ
790 1916 925 1984 ἐόντων.

63 2029 124 2091 καί
143 2049 178 2091 τε
202 2019 258 2089 διά
281 2023 380 2109 ρινού
402 2018 482 2108 βοὸς
506 2026 648 2108 ἔρχεται,
672 2017 755 2089 οὐδέ
775 2048 834 2107 μιν
857 2031 952 2107 ἴσχει.
1022 2041 1074 2091 515

64 2134 125 2196 καί
143 2154 179 2197 τε
203 2126 248 2196 δι’
274 2126 352 2215 αἷμα
375 2126 454 2213 άησι
476 2126 669 2213 τανύτριχα
692 2125 783 2193 πώεα
806 2125 839 2193 δ’
865 2126 955 2212 οὕτι,

66 2230 179 2301 οὕνεκ’
205 2233 382 2319 ἐπηεταναὶ
403 2237 511 2319 τρίχες
534 2230 661 2316 αὐτῶν,
686 2230 727 2299 οὐ
752 2230 886 2316 διάησιν

65 2343 97 2417 ἲς
119 2337 247 2424 άνέμου
270 2338 413 2423 Βορέου·
435 2335 601 2423 τροχαλὸν
625 2335 663 2403 δὲ
685 2339 827 2423 γέροντα
848 2341 972 2421 τίθησι.

65 2445 121 2511 καὶ
145 2441 201 2511 διά
223 2446 431 2531 παρθενικής
453 2440 663 2530 ἁπαλόχροος
686 2440 727 2510 οὐ
751 2441 903 2530 διάησιν,

67 2548 123 2635 ήτε
146 2547 262 2635 δόμων
286 2552 425 2615 ἔντοσθε
448 2553 529 2636 φίλη
551 2547 641 2634 παρὰ
664 2550 780 2635 μητέρι
802 2554 931 2636 μίμνει,
1022 2567 1074 2617 520

68 2654 160 2722 οόπω
184 2660 265 2740 ἔργα
288 2656 381 2720 ίδνῖα
404 2652 619 2740 πολυχρύσου
640 2651 850 2740 Ἀφροδίτης·

69 2752 141 2828 εὖτε
164 2760 369 2845 λοεσσαμένη
393 2760 510 2844 τέρενα
532 2757 616 2845 χρόα
638 2759 694 2825 καὶ
717 2756 785 2825 λίπ’
811 2760 910 2849 έλαίῳ

69 2866 249 2953 χρισαμένη
273 2868 371 2949 νυχίη
395 2865 603 2945 καταλέξεται
627 2866 747 2930 ἔνδοθι
771 2871 884 2947 οίκου,

67 2969 165 3056 ήματι
188 2974 360 3059 χειμερίῳ,
389 2965 438 3036 ὅτ’
463 2967 622 3046 άνόστεος
645 2962 687 3035 δν
709 2965 797 3034 πόδα
819 2968 942 3052 τένδει,

68 3080 104 3143 έν
125 3073 155 3143 τ’
181 3073 298 3163 άπύρῳ
323 3082 402 3163 οίκῳ
425 3075 480 3140 καὶ
503 3072 603 3159 ήθεσι
622 3073 861 3158 λευγαλέοισιν.
1021 3090 1073 3141 525

71 3178 153 3247 οόδέ
174 3181 209 3245 οί
229 3175 341 3263 ήέλιος
365 3181 480 3245 δείκνυ
502 3176 611 3264 νομὸν
634 3174 839 3263 ὁρμηθῆναι·

67 3281 140 3353 ἀλλ’
168 3283 220 3351 ἐπὶ
242 3284 395 3350 κυανέων
419 3280 555 3369 ἀνδρῶν
580 3281 690 3368 δήμόν
712 3307 747 3348 τε
768 3280 868 3348 πόλιν
890 3306 925 3349 τε

69 3390 274 3476 στρωφᾶται,
297 3386 440 3474 βράδιον
464 3385 502 3453 δὲ
524 3384 777 3470 Πανελλήνεσσι
799 3391 939 3472 φαείνει.

68 3494 121 3561 καί
143 3491 218 3561 τότε
242 3488 283 3577 δή
306 3491 420 3577 κεραοὶ
443 3492 499 3559 καὶ
521 3490 657 3577 νήκεροι
679 3487 854 3575 ὑληκοῖται
