2517 4050
435 263 529 314 EPPA
547 263 611 313 ΚΑΙ
627 264 778 315 ΗΜΕΡΑΙ.
1069 265 1109 329 ’Π

92 399 206 482 τῆμος
228 395 357 482 τῶμισυ
378 401 517 484 βουσίν,
540 395 590 464 ἐπ’
616 394 713 483 άνέρι
737 396 774 465 δέ
796 399 898 465 πλέον
919 407 972 485 εἴη

11 555 13 566 .
93 499 280 588 ἁρμαλιῆς·
303 501 426 587 μακραὶ
448 499 511 588 γάρ
535 503 713 590 ἐπίρροθοι
736 500 903 590 εὐφρόναι
925 509 999 573 είσί.
1058 525 1110 575 σεο

11 671 13 702 s
95 609 222 688 [ταῦτα
244 605 499 693 φυλασσόμενος
520 608 755 693 τετελεσμένον
778 612 825 686 είς
847 607 1004 676 ἐνιαυτὸν

96 715 265 779 ίσοῦσθαι
287 712 410 792 νύκτας
430 737 466 780 τε
488 712 543 780 καὶ
565 709 690 798 ἤματα,
714 711 840 792 είςόκεν
862 704 957 791 αῦτις

96 821 144 902 γῆ
167 816 304 884 πάντων
327 805 436 904 μήτηρ
459 816 587 904 καρπὸν
611 817 795 905 σύμμικτον
809 821 950 907 ἐνείκῃ]

192 1019 273 1096 Εύτ’
296 1024 340 1096 άν
364 1026 396 1095 δ’
423 1027 582 1114 ἑξήκοντα
605 1027 685 1114 μετὰ
706 1029 831 1113 τροπάς
852 1029 978 1116 ἠελίοιο

98 1131 241 1220 χειμέρι’
268 1135 419 1220 ἐκτελέσῃ
442 1132 527 1214 Ζεὺς
549 1132 673 1220 ἤματα,
697 1133 738 1219 δή
763 1137 805 1220 ῥα
827 1133 896 1202 τότ’
921 1133 1026 1220 ἀστὴρ
1059 1153 1110 1202 565

94 1235 298 1324 Ἀρκτοῦρος
318 1236 491 1326 προλιπὼν
516 1237 608 1326 ἱερὸν
633 1237 716 1325 ῥόον
737 1237 908 1305 Ὠκεανοῖο

98 1345 237 1430 πρῶτον
260 1348 464 1428 παμφαίνων
488 1345 688 1412 ἐπιτέλλεται
712 1341 963 1429 ἀκροκνέφαιος.

99 1445 165 1514 τὸν
189 1445 227 1513 δὲ
250 1444 322 1532 μέτ’
348 1443 499 1534 ὀρθογόη
523 1449 712 1527 Πανδιονὶς
735 1439 821 1534 ὦρτο
844 1446 986 1533 χελιδὼν

101 1556 137 1632 ἐς
160 1551 247 1638 φάος
269 1549 477 1638 άνθρύποις,
501 1557 598 1640 ἔαρος
619 1555 700 1620 νέον
724 1555 924 1639 ίσταμένοιο.

101 1655 166 1743 τὴν
182 1655 359 1743 φθάμενος
373 1666 467 1737 οίυας
478 1660 734 1745 περιταμνέμεν·
749 1655 794 1738 ὥς
807 1657 869 1747 γὰρ
884 1658 1034 1746 άμεινον.
1058 1677 1114 1727 570·

191 1864 277 1934 ’Am'
288 1863 381 1934 ὁπότ’
394 1862 438 1934 άν
448 1869 623 1954 φερέοικος
632 1864 696 1934 άπὸ
706 1866 833 1952 χθονὸς
842 1865 885 1935 ἂν
900 1867 988 1954 φυτά
999 1875 1110 1958 βαίνῃ,

11 1971 13 1984 ’
103 1970 281 2058 Πληιάδας
302 1971 454 2058 φεύγειν,
476 1971 551 2041 τότε
574 1970 615 2058 δὴ
639 1971 770 2059 σκάφος
792 1970 902 2041 οὐκέτι
926 1977 1062 2042 οίνέων·

104 2076 177 2146 ἀλλ’
203 2075 309 2165 άρπας
330 2103 366 2145 τε
388 2078 631 2165 χαρασσέμεναι
654 2078 709 2143 καὶ
733 2080 846 2163 δμῶας
867 2080 1018 2165 ἐγείρειν.

105 2182 244 2270 φεύγειν
267 2183 306 2250 δέ
328 2181 480 2270 σκιεροὺς
502 2182 637 2261 θώκους
658 2182 714 2249 καλ
736 2180 789 2250 ἐπ’
814 2180 999 2276 ἠῶἢκοίτον

105 2286 175 2375 ὥρῃ
199 2290 235 2356 ἐν
258 2286 401 2374 άμήτου,
425 2286 479 2356 ὅτε
501 2284 532 2355 τ’
558 2285 668 2373 ἠέλιος
690 2286 774 2373 χρόα
797 2289 927 2374 κάρφει.
1056 2308 1109 2357 575

106 2396 270 2479 τημοῦτος
293 2393 465 2479 σπεύδειν,
488 2392 543 2460 καί
567 2395 681 2459 οίκαδε
702 2390 831 2480 καρπὸν
855 2391 1004 2479 άγινείν,

106 2497 238 2584 όρθρου
259 2496 491 2584 ἀνιστάμενος,
517 2500 574 2564 ίνα
596 2523 649 2565 τοι
671 2501 745 2582 βίος
765 2495 882 2580 άρκιος
905 2504 964 2581 είη.

105 2600 171 2688 ηὼς
192 2600 255 2689 γὰρ
280 2608 390 2691 έργοιο
413 2606 527 2689 τρίτην
549 2598 761 2688 ἀπομείρεται
784 2600 894 2668 αἶσαν.

109 2705 187 2793 [ἠύς
208 2734 260 2776 τοι
282 2709 443 2795 προφέρει
465 2705 526 2792 μὲν
550 2702 645 2791 ὁδοῦ,
667 2707 828 2793 προφέρει
851 2704 889 2772 δὲ
910 2706 966 2772 καὶ
990 2710 1103 2793 ἔργου·

11 2802 12 2823 ¹
107 2810 187 2899 ἠύς,
210 2811 267 2899 ῦτε
289 2825 433 2899 φανεῖσα
454 2812 574 2890 πολέας
597 2813 735 2897 ἐπέβησε
757 2810 923 2878 κελεύθου
1057 2829 1109 2878 580

108 2915 324 3004 ἀνθρώπους,
346 2920 503 2983 πολλοῖσί
522 2914 552 2984 τ’
578 2918 629 2984 ἐπὶ
654 2915 734 3002 ζυγὰ
757 2917 855 3001 βουσὶ
878 2920 1039 3000 τίθησιν]

186 3117 290 3213 Ἦμος
311 3125 351 3194 δέ
374 3124 538 3211 σκόλυμός
560 3122 590 3192 τ’
612 3122 724 3212 άνθεί,
744 3126 801 3193 καί
825 3122 923 3211 ι’γχέτα
945 3127 1048 3205 τέττιξ

111 3232 255 3321 δενδρέῳ
278 3229 474 3317 ἐφεζόμενος
496 3229 638 3316 λιγυρὴν
660 3228 848 3316 καταχεύετ’
873 3228 996 3315 άοιδὴν

108 3332 234 3403 πυκνόν
257 3331 322 3402 ὑπὸ
345 3334 532 3421 πτερύγοιν,
553 3335 673 3421 θέρεος
693 3334 905 3421 καματώδεος
927 3332 1011 3422 ὥρῃ,

11 3526 12 3537 1
109 3446 206 3528 τῆμος
227 3439 382 3507 πιόταταί
399 3436 424 3507 τ’
450 3436 539 3525 αἶγες
561 3440 615 3507 καὶ
640 3436 731 3517 οίνος
753 3437 896 3527 άριστος,
1056 3456 1108 3507 σοι
