2517 4050
366 273 480 324 ΑΣΠΙΣ
499 271 738 324 ΗΡΑΚΛΕΟΤΣ.
999 273 1038 332 41

19 404 144 474 οὐκέθ’
171 404 236 492 ὁμὰ
259 407 456 494 φρονέοντε·
477 406 666 492 κασιγνήτω
689 432 727 498 γε
750 405 811 492 μὲν
833 405 952 492 ἤστην·
1005 425 1041 473 60

29 509 93 578 τὸν
117 510 178 597 μὲν
202 510 404 599 χειρότερον,
427 509 487 579 τὸν
511 510 543 578 δ’
569 505 612 579 αύ
636 509 704 598 μέγ’
729 507 892 596 άμείνονα
915 515 1020 598 φῶτα,

30 615 149 684 δεινόν
171 641 207 683 τε
228 614 391 702 κρατερόν
414 641 457 702 τε,
479 621 558 701 βίην
576 613 806 704 Ἡρακληείην.

32 719 107 804 [τὸν
131 719 192 806 μὲν
215 718 450 806 ὑποδμηθεῖσα
472 722 663 807 κελαινεφέϊ
683 727 868 808 Κρονίωνι,

30 824 138 910 αὐτὰρ
159 823 310 912 Ἰφικλῆα
334 824 511 915 δορυσσόῳ
532 823 767 912 Ἀμφιτρύωνι,

29 933 230 1018 κεκριμένην
254 931 389 1016 γενεήν·
411 928 472 998 τὸν
494 929 555 1016 μὲν
579 936 688 1021 βροτῷ
711 930 812 1018 ἀνδρὶ
835 946 977 1018 μιγείσα,
1005 950 1049 1008 οσ,

29 1035 92 1104 τὸν
115 1035 153 1104 δὲ
177 1037 237 1102 Διὶ
261 1041 446 1123 Κρονίωνι,
469 1040 562 1104 θεῶν
586 1036 772 1123 σημάντορι
794 1036 952 1120 πάντων]

112 1242 171 1325 Ὃς
194 1246 249 1312 καὶ
268 1244 407 1313 Κύκνον
432 1252 586 1333 ἔπεφνεν,
607 1244 807 1332 Ἀρητιάδην
830 1246 1040 1332 μεγάθυμον.

31 1342 110 1436 εὗρε
131 1349 195 1437 γὰρ
219 1352 257 1418 ἐν
279 1352 407 1437 τεμένει
431 1351 635 1437 ἑκατηβόλου
655 1349 864 1430 ’Λπόλλωνος

30 1453 135 1523 αὐτόν
162 1456 218 1523 καὶ
240 1460 364 1543 πατέρα
388 1453 439 1540 όν,
452 1455 570 1542 ”Αρην,
594 1448 677 1523 ἆτον
699 1457 868 1542 πολέμοιο,

29 1560 158 1647 τεύχεσι
182 1561 416 1647 λαμπομένους
439 1561 536 1638 σέλας
559 1556 604 1639 δός
626 1557 732 1647 πυρός
755 1561 968 1646 αἰθομένοιο,
1006 1580 1042 1627 σο

31 1663 155 1735 ἑσταότ’
181 1668 219 1734 ἐν
243 1668 367 1756 δίφρῳ·
390 1664 500 1752 χθόνα
524 1663 555 1732 δ’
582 1671 723 1733 ἔκτυπον
748 1663 845 1744 ὠκέες
867 1670 961 1733 ἵπποι

30 1771 214 1850 νύσσοντες
236 1775 365 1858 χηλῇσι,
388 1769 482 1849 κόνις
506 1771 546 1837 δέ
566 1769 619 1857 σφ’
645 1769 845 1858 ἀμφιδεδήει

30 1877 218 1962 κοπτομένη
242 1867 432 1942 πλεκτοῖσιν
455 1873 510 1962 ὑφ’
536 1873 661 1961 ἅρμασι
682 1876 737 1942 καὶ
760 1876 861 1943 ποσὶν
884 1879 1004 1943 ἵππων.

30 1978 160 2067 ἅρματα
184 1977 216 2046 δ’
243 1977 400 2066 εὐποίητα
422 1979 478 2046 καλ
501 1977 641 2065 άντυγες
664 1978 905 2067 ἀμφαράβιζον,

31 2089 141 2152 ἵππων
166 2085 322 2171 ίεμένων·
346 2083 507 2171 κεχάρητο
532 2083 568 2151 δὲ
592 2083 726 2162 Κύκνος
748 2082 901 2169 άμύμων,
1004 2103 1041 2152 65

31 2188 213 2276 ἐλπόμενος
236 2190 321 2268 Διὸς
343 2187 421 2257 υίὸν
444 2187 565 2275 ἀρήϊον
588 2187 729 2276 ἡνίοχόν
752 2216 786 2257 τε

30 2298 139 2385 χαλκῷ
164 2293 309 2381 δηύσειν
332 2294 387 2360 καὶ
411 2292 474 2361 ἆπδ
498 2291 601 2361 κλυτὰ
623 2293 739 2379 τεύχεα
763 2292 889 2361 δύσειν.

30 2397 114 2465 ἄλλά
139 2402 174 2466 οί
195 2397 368 2485 εύχωλέων
393 2396 453 2466 ούκ
477 2404 572 2466 ἔκλυε
598 2406 722 2485 Φοίβος
741 2397 925 2466 Ἀπόλλων·

30 2502 131 2583 αὐτὸς
152 2503 217 2591 γάρ
242 2507 276 2571 oc
297 2506 424 2590 ἐπῶρσε
447 2509 526 2590 βίην
544 2502 765 2592 Ἡρακληείην

29 2614 96 2676 πᾶν
121 2607 153 2675 δ’
178 2608 282 2687 άλσος
303 2609 359 2675 καὶ
381 2606 493 2694 βωμὸς
513 2607 722 2688 ’Λπόλλωνος
744 2616 945 2695 Παγασαίου
1003 2631 1039 2678 70

30 2716 157 2803 λάμπεν
180 2713 263 2781 ὑπαὶ
286 2717 413 2781 δεινοίο
436 2717 522 2781 θεοῦ
546 2716 690 2800 τευχέων
713 2718 825 2782 τεκαὶ
849 2714 967 2782 αύτού·

29 2825 96 2908 πῦρ
120 2819 152 2887 δ’
178 2816 223 2897 ὣς
246 2817 435 2905 ὀφθαλμῶν
459 2816 675 2905 ἀπελάμπετο.
719 2826 769 2897 τίς
791 2846 849 2887 κεν
873 2823 988 2910 ἐκείνῳ

30 2931 105 3012 ἕτλη
128 2923 256 3010 θνητὸς
278 2921 342 2991 ἐὼν
365 2930 582 2991 κατεναντίον
606 2922 799 3010 ὁρμηθῆναι

29 3028 117 3116 πλην
135 3027 321 3115 Ἡρακλῆος
342 3030 399 3095 καὶ
421 3032 609 3115 κυδαλίμου
629 3027 777 3109 Ἰολάου;

31 3141 166 3220 [κείνων
189 3131 252 3219 γὰρ
276 3133 401 3221 μεγάλη
424 3160 459 3201 τε
481 3139 537 3219 βίη
561 3135 616 3201 καλ
640 3148 746 3220 χεῖρες
768 3134 888 3201 όίαπτοι
1005 3152 1041 3202 75

30 3242 63 3321 ἐξ
87 3238 187 3326 ύμων
211 3240 378 3325 ἐπέφυκον
403 3239 455 3306 ἐπὶ
479 3245 666 3326 στιβαροῖσι
690 3242 868 3325 μέλεσσιν]

29 3342 67 3423 ὅς
90 3346 131 3432 βα
153 3341 226 3411 τόθ’
251 3342 390 3430 ἡνίοχον
412 3346 560 3430 προςέφη
583 3342 745 3430 κρατερὸν
766 3343 908 3411 Ἰόλαον·

110 3447 222 3536 Ἥρως
245 3441 272 3515 ά
293 3447 409 3533 Ἰόλαε,
432 3452 565 3534 βροτολν
588 3448 674 3515 πολὺ
697 3453 832 3534 φίλτατε
855 3446 1004 3534 πάντων,
