2517 4050
246 255 266 317 6
657 257 824 310 Ηειοοου

189 467 197 486 Ι
246 394 282 456 ολ
302 390 387 476 Ζηνὶ
409 389 556 477 βροντήν
579 387 604 458 τ’
631 393 753 458 ἐδοσαν
776 391 894 472 τεῦξάν
917 417 952 459 τε
973 393 1152 479 κεραυνόν.

246 497 281 562 οί
302 491 330 561 δ’
354 493 427 582 ήτοι
450 493 489 563 τά
511 495 572 581 μὲν
595 493 680 563 ἀλλα
701 505 796 576 θεοῖς
818 498 1000 583 ἐναλίγκιοι
1022 490 1121 585 ήσαν,

245 602 370 685 μοῦνος
393 597 422 666 δ
446 599 622 687 ὀφθαλμὸς
645 603 755 691 μέσσῳ
779 602 921 670 ἐνέκειτο
944 601 1089 693 μετάπῳ.

246 703 440 787 [Κύκλωπες
458 703 488 772 δ’
509 702 600 791 όνομ’
622 697 709 791 ήσαν
728 704 916 791 ἐπώνυμον,
935 705 1040 774 οὕνεκ’
1057 706 1124 795 ἄρα
1138 711 1249 795 σφέων

243 807 441 896 κυκλοτερὴς
463 806 641 896 ὀφθαλμὸς
664 811 727 888 ἕεις
749 811 891 878 ἐνέκειτο
915 808 1082 901 μετοίκῳ]
1203 833 1250 882 145

244 912 337 999 ἰσχύς
358 910 383 980 τ’
409 911 469 1000 ήδέ
490 919 547 1000 βίη
570 917 625 980 καί
647 915 793 1000 μηχαναὶ
815 907 902 1001 ἦσαν
925 912 971 984 ἐπ’
998 921 1114 1003 ἔργοις.

242 1017 338 1086 ἀλλοι
362 1015 393 1085 δ’
419 1019 462 1086 αῦ
485 1025 588 1105 Γαίης
609 1045 645 1087 τε
666 1020 722 1086 καὶ
747 1018 904 1107 Οὐρανοῦ
927 1022 1117 1106 ἐξεγένοντο

241 1138 329 1211 τρεῖς
351 1128 466 1205 παῖδες
488 1124 625 1211 μεγάλοι
648 1126 760 1193 τεκαὶ
785 1123 929 1213 ὄβριμοι,
953 1123 1013 1193 ούκ
1036 1123 1227 1214 ὀνομαστοί,

242 1228 370 1310 Κόττος
391 1257 427 1299 τε
449 1229 619 1319 Βριάρεώς
641 1257 677 1300 τε
698 1230 789 1317 Γύης
810 1229 857 1317 θ’,
880 1229 1078 1319 ὑπερήφανα
1095 1233 1204 1300 τέκνα.

242 1340 309 1404 τῶν
332 1336 449 1406 ἑκατὸν
472 1334 533 1422 μέν
556 1351 662 1424 χεῖρες
684 1334 736 1403 ἀπ’
762 1335 861 1422 ὤμων
885 1335 1042 1403 ἀΐσσοντο
1202 1355 1249 1404 151

242 1439 413 1527 ἀπλαστοι,
436 1443 578 1527 κεφαλαὶ
601 1441 639 1508 δέ
662 1441 786 1530 ἑκάστῳ
809 1440 1014 1526 πεντήκοντα
1250 1438 1251 1459 ³

242 1546 275 1626 ἐξ
299 1544 399 1631 ὤμων
422 1548 588 1631 ἐπέφυκον
611 1547 664 1612 ἐπὶ
688 1550 873 1632 στιβαροῖσι
896 1549 1061 1632 μέλεσσιν.
1166 1608 1168 1611 .

241 1646 335 1735 ίσχύς
358 1646 387 1716 δ’
410 1649 554 1736 ἀκλητος
575 1647 716 1737 κρατερή
739 1648 870 1739 μεγάλῳ
895 1651 947 1718 ἐπὶ
970 1653 1060 1718 εῖδει.

242 1752 337 1821 ὅσσοι
361 1751 390 1820 δ’
414 1749 456 1841 ἀρ
479 1759 583 1840 Γαίης
604 1781 640 1822 τε
661 1755 716 1822 καὶ
741 1753 898 1841 Οὐρανοῦ
922 1756 1121 1841 ἐξεγένοντο,

241 1857 428 1926 δεινότατοι
450 1863 592 1944 παίδων,
616 1861 763 1949 σφετέρῳ
788 1858 816 1926 δ’
841 1859 989 1946 ήχθοντο
1012 1864 1109 1945 τοκῆι·
1200 1882 1233 1930 15

241 1966 273 2045 ἐξ
297 1960 411 2052 ἀρχῆς·
447 1963 592 2031 καὶτῶν
615 1963 676 2051 μὲν
701 1961 789 2044 ὅπως
811 1991 860 2044 τις
882 1968 995 2052 πρῶτα
1017 1968 1160 2052 γένοιτο,

239 2070 363 2150 πάντας
385 2068 652 2158 ἀποκρύπτασκε,
674 2071 730 2137 καλ
753 2073 787 2151 ἐς
809 2069 894 2157 φάος
918 2068 979 2138 ούκ
1001 2068 1143 2155 ἀνίεσκε,

241 2183 343 2264 Γαίης
365 2180 401 2244 ἐν
424 2180 606 2263 κευθμῶνι,
627 2173 769 2267 κακῷ-δ’
794 2178 983 2262 ἐπετέρπετο
1007 2180 1092 2265 ἐργῳ

241 2281 409 2368 Οὐρανός.
431 2279 452 2367 ή
477 2280 506 2348 δ’
531 2280 624 2360 ἐντὸς
647 2287 853 2366 στοναχιζετο
877 2287 962 2349 Γαῖα
984 2280 1114 2366 πελώρη

240 2387 448 2473 στεινομένη·
472 2389 589 2471 δολίην
614 2385 651 2452 δὲ
672 2383 778 2469 κακήν
801 2384 988 2469 ἐφράσσατο
1011 2385 1141 2469 τέχνην.
1198 2406 1245 2455 161

239 2488 321 2571 αἶψα
345 2488 383 2558 δέ
404 2490 571 2577 ποιήσασα
593 2490 690 2575 γένος
711 2492 832 2556 πολιοῦ
854 2487 1044 2574 ἀδάμαντος

238 2597 330 2677 τεῦξε
352 2597 435 2682 μέγα
459 2597 625 2680 δρέπανον
649 2594 703 2661 καὶ
727 2595 891 2678 ἐπέφραδε
913 2594 1006 2659 παισί
1030 2599 1189 2679 φίλοισιν.

239 2698 308 2768 εἶπε
332 2699 370 2767 δὲ
391 2697 623 2785 θαρσύνουσα,
648 2704 748 2784 φίλον
771 2698 943 2783 τετιημένη
965 2688 1057 2785 ἦτορ·

327 2809 452 2883 Παῖδες
470 2804 543 2890 ἐμοὶ
561 2803 617 2870 καὶ
635 2800 758 2889 πατρὸς
778 2799 984 2888 ἀτασθάλου,
1008 2812 1047 2871 αῖ
1059 2803 1087 2871 κ’
1108 2809 1249 2893 ἐθέλητε

238 2917 429 2994 πείθεσθαι,
451 2906 574 2996 πατρός
596 2934 633 2976 κε
655 2906 760 2995 κακήν
782 2914 960 2995 τισαίμεθα
983 2909 1097 2997 λύβην
1197 2930 1245 2978 155

237 3014 411 3103 ὑμετέρου·
442 3013 603 3100 πρότερος
625 3011 688 3099 γάρ
712 3011 822 3080 ἀεικέα
845 3012 970 3099 μήσατο
995 3019 1083 3102 ἐργα.

317 3116 379 3200 Ὦς
406 3117 505 3205 φάτο·
534 3115 611 3196 τούς
641 3115 669 3183 δ’
696 3115 762 3203 ἀρα
790 3116 915 3196 πάντας
945 3120 1018 3185 ἕλεν
1047 3118 1137 3202 δέος,
1168 3118 1245 3186 ούδέ

819 3247 869 3301 τις
891 3220 1002 3289 αὐτῶν

235 3331 418 3417 φθέγξατο·
446 3328 620 3416 θαρσήσας
644 3327 681 3395 δέ
703 3329 804 3415 μέγας
826 3326 961 3414 Κρόνος
983 3325 1213 3415 ἀγκυλομήτης
1247 3377 1249 3460 ,

235 3430 285 3516 ἀφ
308 3426 401 3515 αὖτις
423 3433 563 3521 μύθοισι
586 3431 757 3520 προςηύδα
780 3432 903 3518 μητέρα
924 3431 1062 3516 κεδνήν·
