2517 4050
349 273 444 324 ΕΡΡΑ
462 272 526 325 ΚΑΙ
543 273 693 323 mmm.
984 270 1028 334 69

7 395 168 492 ,Ἐμμορέ
189 433 243 474 τοι
265 409 361 492 τιμῆς
384 403 449 485 όςτ’
476 409 598 494 ἔμμορε
619 410 802 492 γείτονος
825 407 959 473 ἐσθλοῦ.

418 549 629 560 ι--ι-ο-η--ια

7 613 93 682 θύδ’
128 613 176 685 ἂν
199 619 283 701 βοῦς
305 613 469 700 ἀπόλοιτ’,
492 620 523 683 εί
544 613 588 702 μὴ
611 621 753 700 γείτων
774 613 873 696 κακὸς
895 622 955 700 εῖη.

7 799 50 875 Εὖ
76 807 151 894 μὲν
171 816 363 896 μετρεῖσθαι
383 805 472 893 παρὰ
490 811 688 893 γείτονος,
707 799 744 875 εὖ
765 805 796 874 δ’
818 805 1021 891 ἀποδοῦναι,

7 910 101 1003 αὐτῷ
131 915 178 1004 τῷ
202 911 321 1002 μίτρφ,
344 912 400 979 καὶ
422 911 542 997 λώϊον,
565 920 604 979 αῖ
622 937 660 979 κε
684 911 821 998 δύνηαι,
971 930 1025 978 350
1071 913 1074 917 ’

7 1013 45 1096 ὃς
76 1013 132 1084 ἂν
156 1021 300 1105 χρηΐζων
322 1016 378 1083 καὶ
401 1017 435 1095 ἐς
455 1014 596 1102 ὕστερον
619 1015 737 1105 ἄρκιον
760 1015 868 1104 εὕρῃς.
922 1069 927 1075 x
958 1051 960 1054 ·

7 1191 65 1278 Μὴ
96 1189 188 1260 κακδι
208 1195 412 1277 κερδαίνειν·
434 1189 518 1257 κακδι
540 1191 659 1278 κέρδεα
682 1188 726 1256 ἷσ’
751 1190 879 1279 ἄτῃσιν.

7 1366 94 1436 Τὸν
123 1367 316 1453 φιλέοντα
339 1373 467 1452 φιλεῖν,
487 1365 545 1432 καὶ
566 1368 612 1456 τῷ
631 1364 801 1454 προςιόντι
823 1379 1012 1453 προσῖμενῄ

7 1472 62 1538 καὶ
94 1469 222 1558 δόμεν
242 1469 279 1549 ός
301 1496 358 1538 κεν
383 1472 446 1561 δῷ,
468 1469 524 1536 καὶ
547 1465 591 1556 μὴ
615 1468 719 1556 δόμεν
743 1468 780 1549 ὅς
800 1497 859 1538 κεν
882 1469 926 1557 μὴ
950 1474 1007 1562 δῷ.

7 1647 135 1734 Δοότῃ
160 1647 222 1732 μέν
244 1671 294 1725 τις
316 1649 457 1732 ἔδωκεν,
478 1644 589 1734 ἀδώτῃ
613 1643 646 1713 δ’
673 1643 763 1725 οὔτις
786 1649 920 1714 ἔδωκεν.
972 1664 1026 1715 355

7 1837 109 1918 Δώς
132 1836 261 1926 ἀγαθή,
283 1836 390 1924 ἅρπαξ
413 1837 451 1905 δὲ
473 1836 571 1923 κακή,
594 1837 759 1906 θανάτοιο
783 1837 925 1924 δότειρα.

7 2026 80 2111 Ὃς
104 2030 169 2118 μὲν
191 2030 255 2117 γάρ
277 2057 336 2099 κεν
359 2029 445 2118 ἆνηρ
469 2033 612 2117 ἐθέλων,
636 2029 694 2118 όγε
715 2027 779 2099 κᾶν
802 2033 885 2118 μέγα
909 2034 1008 2117 δοίη.

12 2230 127 2311 χαίρει
150 2227 196 2316 τῷ
221 2222 335 2314 δοόρφ
358 2224 414 2290 καὶ
436 2225 586 2311 τέρπεται
609 2221 650 2292 ὃν
672 2222 754 2292 κατὰ
775 2221 904 2310 θυμόν·

15 2326 55 2410 ὃς
80 2331 122 2397 δέ
143 2355 201 2397 κεν
225 2326 325 2408 αὐτὸς
349 2331 459 2415 ἕληται
481 2328 676 2415 ἀναιδείηφι
698 2328 862 2416 πιθήσας,

13 2441 75 2501 καί
86 2460 123 2503 τε
139 2432 311 2522 σμικρὸν
330 2432 399 2519 ἑόν,
416 2432 487 2520 τόγ’
510 2433 702 2520 ἐπάχνωσεν
721 2440 823 2521 φίλον
841 2426 931 2522 ἦτορ.
974 2454 1026 2504 360

16 2650 62 2712 Et
86 2643 151 2732 γάρ
174 2669 232 2711 κεν
253 2644 309 2711 καὶ
332 2643 501 2731 σμικρὸν
524 2645 576 2712 ἐπὶ
600 2648 725 2734 σμικρῷ
747 2652 922 2731 καταθεῖο,

15 2752 75 2817 καὶ
93 2747 188 2836 θαμὰ
208 2747 300 2818 τοῦτ’
318 2752 439 2837 ἔρδοις,
456 2748 539 2835 τάχα
555 2776 613 2817 κεν
632 2752 715 2836 μέγα
732 2749 789 2816 καὶ
805 2746 843 2816 τό
861 2749 1002 2835 γένοιτο.

7 2956 69 3039 Ὃς
93 2956 125 3025 δ’
152 2956 201 3026 ἐπ’
228 2958 335 3027 ἐόντι
358 2961 464 3046 φέρει,
487 2957 505 3026 ὁ
530 2958 560 3025 δ’
587 2958 739 3040 ιἰλόξεται
761 2967 888 3026 αἴθοπα
911 2958 1020 3045 λιμόν.

21 3168 112 3237 Οὐδὲ
133 3166 204 3255 τόγ’
231 3170 272 3236 ἐν
296 3178 391 3259 οῖκφ
414 3174 651 3255 κατακείμενον
674 3168 779 3257 ἀνέρα
799 3168 903 3255 κήδει.

24 3388 138 3447 Οίκοι
151 3380 309 3465 βέλτερον
323 3376 422 3466 εἶναι,
445 3379 514 3447 ἐπεὶ
527 3377 693 3465 βλαβερόν
715 3377 753 3448 τό
776 3379 939 3467 θύρηφιν.
977 3397 1029 3449 365
