2517 4050
420 275 615 329 ΘΕΟΓΟΝΙΔ.

11 405 112 494 Λητὼ
135 407 368 476 κυανόπεπλον
391 410 551 494 ἐγείνατο,
573 414 724 496 μείλιχον
746 413 821 494 αἰεί,

11 511 115 598 ήπιον
137 509 349 599 ἀνθρώποισι
371 513 426 580 καὶ
450 511 651 581 ἀθανάτοισι
673 522 795 599 θεοῖσι,

12 624 179 704 [μείλιχον
202 619 234 698 ἐξ
258 615 370 709 ἀρχῆς,
394 615 608 704 ἀγανώτατον
632 618 726 698 ε’ντὸς
745 616 934 707 Ὀλύμπου]

11 728 146 808 γείνατο
171 720 199 790 δ’
221 719 391 810 Ἀστερίην
414 721 601 811 εὐώνυμον,
623 723 668 811 ήν
690 750 768 793 ποτε
791 727 924 812 Πέρσης

11 825 140 914 ἠγάγετ’
167 829 200 907 ές
221 830 305 914 μέγα
328 831 422 914 ἀῶμα
445 833 549 915 φίλην
571 835 754 916 κεκλήσθαι
777 829 915 898 ἀκοιτιν.
966 849 1018 899 410

14 931 48 1019 [ή
73 930 101 1000 δ’
126 930 364 1020 ὑποκυσαμένη
382 931 522 1020 Ἑκάτην
544 935 626 1020 τέκε,
649 933 710 1021 τήν
733 936 807 1023 περὶ
830 933 965 1004 πάντων

15 1036 98 1116 Ζεὺς
120 1042 292 1126 Κρονίδης
313 1042 441 1124 τίμησε·
465 1037 568 1126 πόρεν
592 1041 632 1106 δέ
653 1043 689 1108 οί
709 1037 815 1125 ἀγλαά
839 1043 941 1128 δῶρα,

14 1156 137 1229 μοῖραν
160 1147 248 1229 ἔχειν
269 1148 366 1228 γαίης
387 1169 422 1210 τε
445 1144 500 1210 καὶ
523 1141 716 1239 ἀτρυγέτοιο
734 1144 916 1230 θαλάσσης.

14 1245 35 1333 ή
62 1247 176 1315 δὲκαὶ
200 1244 414 1336 ἀστερόεντος
436 1246 487 1316 ἀπ’
514 1247 664 1335 οὐρανοῦ
687 1255 809 1336 ἔμμορε
830 1253 938 1336 τιμής,

15 1350 199 1432 ἀθανάτοις
220 1380 255 1421 τε
277 1363 389 1421 θεοῖσι
411 1356 561 1440 τετιμένη
586 1355 654 1422 ἐστὶ
676 1354 827 1441 μάλιστα.
969 1373 1020 1422 415

16 1458 69 1524 καὶ
91 1450 155 1546 γάρ
178 1461 243 1526 νῦν
267 1456 322 1526 ὅτε
344 1457 410 1525 πού
433 1484 482 1537 τις
505 1459 710 1544 ἐπιχθονίων
733 1455 925 1545 ἀνθρώπων

17 1565 124 1648 ἔρδων
148 1560 220 1650 ίερά
241 1561 326 1630 καλά
348 1561 430 1630 κατά
453 1561 560 1650 νόμον
584 1562 767 1651 ἱλάσκηται,

16 1666 181 1753 κικλήσκει
199 1665 353 1754 Ἑκάτην·
376 1667 482 1754 πολλή
504 1668 543 1734 τέ
563 1671 597 1735 οί
619 1670 732 1736 ἕσπετο
755 1668 832 1756 τιμή

18 1773 87 1856 ῥεία
109 1769 196 1858 μάλ’,
220 1764 246 1862 ᾦ
269 1770 431 1859 πρόφρων
455 1798 492 1857 γε
514 1774 578 1839 θεά
601 1770 793 1853 ὑποδέξεται
817 1770 915 1858 εὐχάς

17 1883 74 1943 καί
88 1880 125 1945 τί
141 1881 177 1945 οί
193 1875 298 1963 ὄλβον
317 1875 439 1962 ὀπάζει,
463 1878 531 1945 έπεὶ
547 1877 689 1964 δύναμίς
707 1905 744 1965 γε
762 1879 929 1969 πάρεστιν.
970 1897 1021 1946 420

18 1978 110 2051 ὅσσοι
133 1981 197 2070 γάρ
221 1987 325 2070 Γαίης
346 2009 381 2051 τε
404 1984 459 2051 καὶ
484 1981 642 2071 Οὐρανοῦ
665 1984 853 2069 ἐξεγένοντο

17 2090 70 2154 καὶ
92 2087 191 2176 τιμήν
215 2094 343 2175 ἔλαχον,
365 2088 495 2157 τούτων
519 2094 584 2174 ἔχει
607 2085 708 2155 αἶσαν
730 2087 897 2174 ἁπάντων,

19 2295 85 2364 όσσ
111 2303 227 2385 ἔλαχεν
254 2303 368 2387 Τιτῆσι
391 2297 471 2385 μετά
493 2299 684 2386 προτέροισι
706 2306 850 2383 θεοῖσιν,

19 2399 82 2469 ἀλλ’
109 2409 175 2490 ἔχει
197 2401 243 2484 ὡς
263 2407 435 2492 τοπρῶτον
459 2400 510 2471 ἀπ’
537 2400 640 2489 ἀρχής
663 2408 776 2471 ἔπλετο
800 2403 933 2489 δασμός.
969 2421 1021 2471 425

21 2504 99 2593 οὐδ’,
124 2506 175 2576 ὅτι
198 2508 416 2596 μουνογενής,
439 2500 547 2595 ήσσον
569 2508 634 2575 θεὰ
658 2514 780 2596 ἔμμορε
801 2511 907 2595 τιμής,

20 2614 71 2679 καὶ
93 2615 192 2702 γέρας
214 2616 252 2683 έν
273 2620 352 2703 γαίη
375 2639 410 2681 τε
432 2614 487 2681 καὶ
511 2610 644 2705 οὐρανῷ
668 2612 729 2700 ήδὲ
751 2611 918 2701 θαλάσση·

22 2714 83 2785 ἀλλ’
109 2724 156 2786 ἔτι
178 2720 234 2786 καὶ
257 2718 343 2787 πολὺ
365 2723 503 2805 μάλλον,
527 2719 595 2785 ἐπεὶ
618 2719 674 2786 καὶ
698 2717 783 2797 Ζεὺς
804 2724 874 2785 τίεν
897 2716 1003 2805 αὐτήν

22 2814 44 2911 ᾧ
67 2820 94 2889 δ’
120 2825 229 2892 ἐθέλει
250 2823 401 2910 μεγάλως
422 2828 658 2910 παραγίγνεται
680 2818 732 2910 ήά
758 2821 925 2909 ὀνίνησιν·

23 2931 56 2993 έν
76 2926 99 2996 τ’
124 2925 231 3017 ἀγορῇ
255 2936 366 2996 λαοῖσι
389 2929 583 3014 μεταπρέπει
606 2926 648 2995 όν
670 2925 696 2996 κ’
723 2930 893 3016 έθέλησιν·
969 2946 1021 2996 430

24 3030 100 3099 ow
125 3030 214 3101 ὁπότ’
241 3035 274 3112 ἐς
295 3033 442 3119 πόλεμον
465 3031 659 3120 φθισήνορα
681 3033 925 3121 θωρήσσωνται

24 3133 142 3225 ἀνέρες,
166 3144 253 3206 ἔνθα
274 3137 340 3207 θεά
362 3143 610 3225 παραγίγνεται,
634 3132 684 3218 οἷς
706 3136 732 3206 κ’
758 3140 893 3225 έθέλησι

24 3247 115 3329 νίκην
137 3244 356 3330 προφρονέως
379 3240 501 3310 ὀπάσαι
523 3242 578 3309 καὶ
600 3248 703 3323 κῦδος
726 3241 850 3330 ὀρέξαι·

26 3350 58 3411 έν
78 3373 112 3414 τε
134 3352 210 3435 δίκη
234 3350 406 3432 βασιλεῦσι
429 3342 502 3433 παρ’
528 3350 688 3415 αἰδοίοισι
709 3352 849 3427 καθίζει·

26 3449 120 3539 ἐσθλή
144 3446 172 3519 δ’
198 3444 288 3537 αὖθ’,
312 3449 400 3519 ὁπότ’
425 3450 546 3538 ἀνδρες
568 3448 674 3537 ἀγῶνι
697 3449 915 3535 ἀεθλεύωσιν,
969 3467 1021 3518 436
