2517 4050
240 251 282 314 32
657 250 823 303 ΗΣιοΔον

328 490 482 580 Λύτδιρ
467 518 485 560 ο
510 491 691 580 Δήμητρος
713 490 933 617 πολυφόρβης
956 492 989 569 ἐς
1011 491 1108 574 λέχος
1130 435 1234 574 ἦλθεν

240 594 261 684 ἡ
254 597 355 665 τέκε
378 597 602 685 Περσεφόνην
625 595 892 683 λευκώλενον,
870 592 915 682 ἣν
939 591 1116 672 Αίδωνεύς

240 702 388 792 ἥρπασεν
412 696 452 791 ἧς
473 702 562 793 παρά
587 704 727 791 μητρός·
751 705 853 769 ἔδωκε
877 700 914 769 δέ
936 707 1072 788 μητίετα
1095 699 1189 778 Ζεύς.

329 810 562 898 Μνημοσύνης
575 808 608 876 δ’
626 811 754 890 ἐξαῦτις
768 807 930 895 ἐράσσατο
944 804 1173 893 καλλικόμοιο,
1200 824 1238 873 91‘

241 919 274 997 ἐξ
296 907 336 1003 ἦς
360 920 395 984 οί
415 919 554 984 Μοῦσαι
577 914 811 1003 χρυσάμπυκες
833 915 1023 998 ἐξεγένοντο

241 1025 353 1110 ἐννέα,
375 1025 472 1110 τῇσιν
495 1019 580 1088 δίδον
603 1025 722 1088 θαλίαι
744 1019 799 1086 καὶ
821 1021 935 1105 τέρψις
958 1016 1085 1104 άοιδῆς.

330 1123 428 1212 Λητώ
453 1123 484 1191 δ’
507 1123 700 1193 Ἀπόλλωνα
722 1123 777 1191 καὶ
799 1122 956 1210 Ἀρτεμιν
980 1126 1169 1210 ἰοχέαιραν,

229 1230 416 1319 ,ίμερόευτα
438 1229 543 1316 γόνου
566 1231 641 1316 περὶ
664 1228 800 1297 πάντων
824 1226 1069 1315 Οὐρανιώνων,

241 1335 365 1422 γείνατ’
391 1334 445 1424 ἄρ’
471 1334 635 1422 αἰγιόχοιο
659 1334 744 1414 Διὸς
766 1334 918 1422 φιλότητι
941 1348 1083 1421 μιγεῖσα.
1199 1356 1239 1404 92⁰

330 1442 567 1527 [λοισθοτάτην
582 1439 613 1509 δ’
632 1440 740 1529 Ἥρην
755 1439 904 1528 θαλερὴν
918 1437 1071 1525 ποιήσατ’
1087 1440 1223 1510 ἄκοιτιν.

241 1545 261 1636 ἣ
287 1547 318 1617 δ’
342 1547 451 1635 Ἥβην
474 1549 529 1615 καὶ
551 1546 659 1634 ’Ἁρηα
681 1547 737 1614 καὶ
759 1551 959 1614 Εἰλείθυιαν
982 1550 1100 1634 έτικτε,

241 1651 387 1741 μιχθεῑσ’
414 1655 450 1720 έν
475 1651 627 1740 φιλότητι
651 1656 742 1719 θεῶν
765 1656 903 1739 βασιλῆι
923 1652 978 1719 καὶ
1001 1650 1150 1737 ἀνδρῶν.

330 1756 439 1838 Αὐτός
454 1757 485 1825 δ’
503 1760 538 1825 ἐκ
555 1762 701 1844 κεφαλῆς
719 1755 934 1842 γλαυκώπιδα
951 1755 1076 1844 γείνατ’
1093 1757 1239 1846 Ἀθήνην,

243 1864 372 1952 δεινήν,
396 1864 647 1952 ἐγρεκύδοιμον,
671 1863 886 1952 ἀγέστρατον,
909 1861 1122 1951 άτρυτώνηυ,
1200 1881 1238 1932 925

241 1970 395 2058 πότνιαν,
418 1962 440 2061 ᾗ
463 1972 602 2040 κέλαδοί
619 1997 655 2039 τε
677 1969 763 2039 ἅδον
785 1968 929 2057 πόλεμοί
946 1996 982 2038 τε
1004 1969 1106 2057 μάχαι
1128 1998 1173 2040 τε.

321 2078 408 2168 Ἥρη
433 2076 464 2145 δ’
490 2076 679 2164 Ἥφαιστον
701 2074 824 2144 κλυτὸν
849 2075 889 2144 οὐ
912 2076 1065 2163 φιλότητι
1088 2092 1218 2164 μιγεῖσα

241 2191 388 2272 γείνατο,
409 2185 464 2252 καί
489 2185 649 2270 ζαμένησε
670 2181 727 2248 καὶ
748 2180 865 2269 ἤρισεν
888 2172 915 2273 ᾧ
937 2187 1122 2270 παρακοίτῃ
1129 2235 1139 2270 ,

242 2294 278 2359 ἐκ
300 2291 435 2359 πάντων
458 2291 591 2376 τέχνῃσι
614 2290 819 2374 κεκασμένον
844 2286 1082 2376 Οὐρανιώνων.

328 2393 382 2462 Ἕκ
397 2392 430 2460 δ’
444 2391 654 2480 Ἀμφιτρίτης
667 2394 722 2460 καί
737 2392 915 2481 ἐρικτύπου
927 2391 1165 2479 Ἐννοσιγαίου
1200 2412 1238 2461 930

246 2506 374 2589 Τρίτων
399 2497 556 2589 εὐρυβίης
577 2499 692 2583 γένετο
716 2501 831 2585 μέγας,
854 2497 926 2578 όςτε
948 2498 1124 2585 θαλάσσης

242 2602 387 2692 πυθμέν’
415 2610 499 2690 έχων
522 2601 610 2690 παρὰ
633 2604 732 2690 μητρὶ
755 2610 836 2691 φίλη
858 2604 914 2671 καὶ
936 2604 1034 2692 πατρὶ
1058 2602 1178 2674 ἄνακτι
1243 2609 1244 2616 '

242 2716 330 2778 ναίει
353 2708 477 2796 χρύσεα
501 2711 564 2794 δώ,
588 2707 701 2788 δεινὸς
722 2707 811 2788 θεός.
857 2707 961 2797 αὐτάρ
984 2707 1085 2795 Ἀρηι·

244 2814 407 2906 ῥινοτόρῳ
431 2816 603 2901 Κυθέρεια
631 2813 747 2900 Φόβον
769 2814 825 2881 καὶ
849 2823 977 2901 Δεῖμον
1001 2820 1105 2882 ἔτικτε

244 2920 392 3005 δεινούς,
407 2919 468 2988 οἵτ’
485 2919 622 3008 άυδρώυ
636 2918 777 2999 πυκινὰς
789 2923 966 2989 κλονέουσι
981 2922 1158 3008 φάλαγγας
1199 2939 1239 2988 935

244 3031 280 3097 ἐν
303 3027 434 3117 πολέμῳ
457 3025 612 3114 κρυόεντι
636 3024 700 3093 σύν
721 3025 822 3113 Ἀρηι
843 3026 1072 3116 πτολιπόρθῳ·

238 3132 420 3223 Αρμονίην
443 3130 534 3219 θ’,
514 3160 557 3218 ην
581 3131 719 3219 Κάδμος
741 3129 937 3258 ὑπέρθυμος
958 3130 1034 3199 θέτ’
1059 3130 1199 3203 άκοιτιν.

333 3239 417 3324 Ζηνὶ
437 3236 512 3304 δ”
492 3264 533 3324 αρ
538 3236 731 3317 ’Ἀτλαντὶς
745 3242 840 3323 Μαίη
859 3235 931 3304 τέκε
948 3236 1112 3324 κύδιμον
1114 3244 1234 3353 Ερμην,

244 3342 360 3431 κήρυκ’
386 3342 583 3429 ἀθανάτων,
607 3342 700 3431 ίερδν
722 3340 818 3427 λέχος
840 3345 1049 3426 είςαναβάσοι.

245 3452 397 3536 Καδμείη
421 3447 498 3515 δ”
477 3474 542 3534 αρα
566 3451 601 3515 οί
621 3447 753 3534 Σεμέλη
775 3445 847 3513 τέκε
869 3449 1032 3533 φαίδιμον
1056 3447 1135 3517 υίδυ
1200 3464 1239 3516 940
