2517 4050
426 253 621 308 ΘΕΟΓΟΝΙΑ,
987 253 1029 316 27

10 385 143 474 ἥσυχος
165 384 386 475 ἀνστρέφεται
408 389 464 455 καὶ
491 394 636 476 μείλιχος
658 386 880 474 ἀνθρώποισι,

10 497 77 560 τοῦ
104 492 142 561 δὲ
164 494 302 580 σιδηρέη
326 491 387 579 μὲν
410 496 542 579 κραδίη,
565 492 706 579 χάλκεον
730 495 770 560 δέ
791 496 827 560 οί
846 485 928 579 ἦτορ

10 598 134 684 νηλεές
157 600 195 666 έν
219 598 417 684 στήθεσσιν·
441 603 507 684 έχει
531 595 562 664 δ’
588 595 629 666 δν
652 602 765 685 πρῶτα
788 597 930 686 λάβῃσιν
978 617 1028 666 τσο

13 701 230 790 ἀνθρώπων·
255 701 376 790 ἐχθρὸς
400 701 437 770 δὲ
459 704 514 770 καί
537 701 740 771 ἀθανάτοισι
762 713 905 771 θεοῖσιν.

97 807 211 876 Ἔνθα
234 812 320 875 θεοῦ
343 814 489 895 χθονίου
510 807 664 897 πρόσθεν
688 807 787 896 δόμοι
810 806 977 896 ἠχήεντες,

14 919 166 1001 ἰφθίμου
187 911 213 981 τ’
236 911 351 980 Ἀίδεω
373 914 428 980 καί
452 915 590 999 έπαινής
611 920 871 1001 Περσεφονείης,

14 1022 164 1106 ἑστᾶσιν,
188 1016 300 1098 δεινὸς
323 1017 360 1086 δὲ
382 1017 475 1087 κύων
498 1018 710 1106 προπάροιθε
733 1019 909 1105 φυλάσσει,
947 1030 954 1042 ‘

14 1123 165 1210 νηλειής,
187 1125 308 1211 τέχνην
333 1123 370 1192 δὲ
392 1122 497 1210 κακήν
522 1129 603 1209 ἔχει·
626 1125 660 1203 ές
682 1123 744 1210 μὲν
768 1124 882 1204 ίόντας
977 1143 1030 1193 ‘170

16 1235 128 1297 σαίνει
153 1226 242 1316 ὁμῶς
266 1227 350 1318 οὐρή
374 1231 486 1297 τεκαὶ
509 1227 631 1297 οὔασιν
654 1227 905 1317 ἀμφοτέροισιν,

17 1337 170 1415 ἐξελθεῖν
194 1334 226 1402 δ’
253 1334 314 1403 οὐκ
337 1327 430 1414 αὖτις
454 1337 492 1424 ἐᾷ
516 1333 628 1418 πάλιν,
652 1331 736 1400 ἀλλὰ
760 1332 910 1401 δοκεύων

17 1443 128 1508 ἐσθίει
151 1438 193 1508 όν
215 1466 252 1507 κε
275 1439 396 1528 λάβησι
418 1442 550 1508 πυλέων
575 1445 735 1508 ἔκτοσθεν
757 1439 853 1507 ίόντα

19 1549 181 1633 [ἰφθίμου
203 1543 228 1613 τ’
252 1545 366 1614 Ἀΐδεω
389 1546 445 1613 καί
468 1547 605 1631 ἐπαινῆς
628 1551 900 1631 Περσεφονείης]

98 1650 211 1720 Ἔνθα
235 1651 272 1720 δέ
295 1652 440 1720 ναιετάει
464 1649 605 1738 στυγερή
628 1650 712 1730 θεὸς
734 1648 948 1737 ἀθανάτοισι,
977 1670 1027 1720 775

19 1753 115 1843 δεινή
138 1756 239 1841 Στύξ,
262 1757 416 1843 θυγάτηρ
439 1754 614 1844 ἀψορρόου
634 1755 806 1825 Ὠκεανοῖο

19 1863 243 1949 πρεσβυτάτη.
274 1863 400 1950 νόσφιν
423 1862 460 1930 δέ
482 1866 575 1930 θεῶν
598 1861 701 1930 κλυτά
725 1862 860 1950 δείματα
882 1865 971 1931 ναίει

19 1971 187 2056 μακρῇσιν
210 1970 347 2057 πέτρησι
369 1965 561 2056 κατηρεφέ’·
585 1965 671 2055 ἀμφὶ
695 1966 732 2036 δέ
754 1967 861 2056 πάντη

19 2079 130 2143 κίοσιν
153 2073 349 2162 ἀργυρέοισι
371 2072 455 2160 πρὸς
479 2071 628 2160 οὐρανὸν
652 2072 848 2159 ἐστήρικται.

21 2183 146 2266 [παῦρα
170 2177 208 2246 δὲ
231 2179 428 2266 Θαύμαντος
449 2178 603 2264 θυγάτηρ
626 2177 732 2257 πόδας
756 2176 841 2245 ὠκέα
859 2170 940 2264 Ἰρις
977 2197 1028 2247 ‘180

20 2282 180 2371 ἀγγελίην
202 2292 359 2352 πωλεῖται
383 2281 428 2352 ἐπ’
454 2282 552 2370 εὐρέα
574 2287 664 2350 νάτα
686 2282 870 2368 θαλάσσης,

22 2386 134 2458 ὁππότ’
161 2396 229 2478 ἔρις
251 2390 306 2457 καί
327 2403 438 2469 νεῖκος
460 2392 498 2457 ἐν
520 2387 744 2456 ἀθανάτοισιν
768 2387 909 2476 όρηται,]

21 2502 80 2562 καί
99 2493 127 2582 ῥ’
153 2494 207 2564 ὅτε
230 2523 279 2575 τις
302 2494 464 2581 ψεύδηται
483 2492 644 2581 Ὀλύμπια
667 2492 785 2581 δείματ’
811 2493 972 2581 ἐχόντων,

23 2597 106 2678 Ζεύς
131 2600 171 2667 δέ
190 2626 226 2667 τε
242 2592 326 2685 Ἰριν
350 2605 472 2686 έπεμψε
494 2603 587 2667 θεῶν
610 2600 715 2686 μέγαν
740 2598 843 2687 ὅρκον
865 2602 988 2667 ἐνείκαι

23 2704 167 2789 τηλόθεν
191 2708 228 2773 έν
245 2706 374 2793 ’χρυσέη
397 2702 542 2794 προχόφ,
565 2703 790 2791 πολυώνυμον
812 2702 918 2789 ὕδωρ,
978 2721 1029 2771 ⁷85

24 2808 165 2896 ψυχρόν,
190 2808 210 2878 ὅ
231 2807 257 2877 τ’
283 2812 318 2877 ἐκ
340 2811 461 2897 πέτρης
481 2796 708 2895 καταλείβεται
731 2806 915 2894 ήλιβάτοιο,

25 2909 165 3001 ὑψηλῆς·
188 2913 315 2982 πολλὸν
339 2916 378 2982 δέ
397 2912 430 2982 θ’
456 2912 521 2982 ὑπὸ
545 2912 673 3000 χθονὸς
695 2912 891 3001 εὐρυοδείης

26 3019 57 3097 ἐξ
80 3024 173 3107 ίεροῦ
196 3034 358 3107 ποταμοῖο
382 3022 449 3107 ῥέει
473 3019 529 3088 διά
551 3019 657 3089 νύκτα
681 3020 843 3106 μέλαιναν

23 3119 191 3193 Ὠκεανοῖο
214 3128 324 3213 κέρας·
348 3125 467 3212 δεκάτη
492 3123 521 3192 δ’
548 3125 600 3193 ἐπὶ
622 3138 724 3211 μοῖρα
748 3125 913 3191 δέδασται.

27 3229 122 3297 ἐννέα
144 3230 206 3318 μέν
229 3231 304 3318 περὶ
326 3235 391 3317 γήν
413 3232 526 3298 τεκαὶ
548 3229 648 3319 εὐρέα
670 3234 762 3298 νῶτα
783 3226 958 3315 θαλάσσης
979 3247 1031 3296 ‘190

27 3335 119 3423 δίνης
141 3335 305 3424 ἀργυρέης
327 3336 513 3422 εἱλιγμένος
536 3340 583 3414 είς
605 3332 671 3401 ἀλα
694 3340 814 3418 πίπτει,

27 3434 46 3522 ἡ
69 3440 106 3508 δέ
128 3439 177 3526 μί’
203 3443 238 3508 έκ
260 3443 380 3529 πέτρης
402 3440 536 3527 προρέει
559 3441 643 3527 μέγα
666 3441 760 3524 πῆμα
781 3445 926 3505 θεοῖσιν.
