2517 4050
421 260 618 312 οεουοαιι.
980 261 1019 324 13

16 390 143 478 ἄνδρας
165 398 357 480 κουρίζουσι
381 391 444 461 σὺν
465 391 648 461 Ἀπόλλωνι
671 393 789 462 άνακτι

15 498 70 563 καὶ
93 503 275 584 Ποταμοῖς,
298 497 422 584 ταύτην
447 498 484 566 δέ
509 497 592 578 Διὸς
614 497 703 584 πάρα
727 512 848 586 μοῖραν
873 503 997 584 ἔχουσι,

16 603 134 672 Πειθω
157 631 176 671 τ
205 602 348 690 Ἀδμήτη
371 631 406 672 τε
425 602 591 690 Ιανθη
566 631 585 672 τ
614 602 769 690 Ἠλέκτρη
793 630 843 689 τε,

18 715 131 796 Δωρίς
152 735 188 776 τε
212 707 364 796 Πρυμνώ
386 709 498 776 τεκαὶ
522 706 673 794 Οὐρανίη
696 708 863 794 θεοειδής,
971 726 1023 777 350

13 811 113 880 Ιππώ
136 839 171 880 τε
194 815 354 900 Κλυμένη
377 839 412 880 τε
429 811 560 880 Ρόδειά
582 839 618 881 τε
641 811 813 900 Καλλιρόη
837 839 873 881 τε

19 918 130 999 Ζευξώ
153 945 189 986 τε
211 926 340 1005 Κλυτίη
363 946 398 990 τε
418 917 523 986 Ἰδυῖά
545 945 580 986 τε
604 917 763 1004 Πασιθόη
787 944 822 986 τε

17 1023 199 1111 Πληξαύρη
221 1050 256 1092 τε
278 1023 476 1111 Γαλαξαύρη
499 1021 523 1090 τ’
550 1022 649 1109 ἐρατή
672 1049 707 1092 τε
731 1023 848 1109 Διώνη

18 1129 215 1215 Μηλόβοσίς
237 1155 272 1197 τε
295 1129 364 1215 Θόη
388 1130 501 1197 τεκαὶ
524 1127 655 1214 εὐειδὴς
678 1128 879 1216 Πολυδώρη,

19 1241 162 1323 Κερκηίς
183 1261 229 1320 τε,
252 1233 344 1320 φυὴν
369 1233 479 1321 ε’ρατή,
503 1233 646 1301 Πλουτώ
668 1259 704 1301 τε
726 1237 860 1319 βοῶπις,
974 1251 1026 1301 355

21 1345 166 1426 Περσηίς
187 1337 212 1406 τ’
235 1337 378 1427 Ἰάνειρά
401 1337 426 1406 τ’
450 1337 587 1425 Ἀκάστη
609 1365 645 1431 τε
667 1337 786 1423 Ξάνθη
808 1363 855 1422 τε,

21 1450 166 1531 Πετραίη
190 1442 215 1511 τ’
241 1443 380 1531 ἐρόεσσα
403 1444 573 1512 Μενεσθώ
596 1442 621 1512 τ’
647 1440 794 1531 Εὐρώπη
817 1467 869 1528 τε,

21 1553 129 1634 Μῆτίς
150 1547 175 1616 τ’
201 1546 385 1635 Εὐρυνόμη
408 1575 444 1616 τε
471 1548 616 1616 Τελεστώ
639 1575 674 1616 τε
696 1547 921 1634 κροκόπεπλος

22 1660 167 1740 Χρυσηίς
189 1651 214 1722 τ’
237 1651 327 1740 Ἀσίη
349 1680 385 1721 τε
408 1654 462 1721 καὶ
486 1653 664 1741 ἱμερόεσσα
687 1652 846 1740 Καλυψώ,

22 1754 165 1847 Εὐδώρη
188 1784 224 1826 τε
252 1758 340 1844 Τύχη
363 1785 398 1827 τε
419 1759 476 1826 καὶ
496 1757 644 1847 Ἀμφιρὼ
665 1756 808 1845 Ὠκυρόη
830 1784 876 1843 τε,
975 1778 1027 1828 360

22 1865 76 1931 καὶ
98 1863 201 1949 Στύξ,
223 1860 244 1950 ἣ
269 1863 311 1950 δη
336 1885 449 1950 σφεων
472 1863 721 1952 προφερεστάτη
745 1865 834 1931 ἐστὶν
858 1861 1022 1932 ἁπασέων.

24 1960 119 2037 αὗται
143 1967 171 2037 δ’
193 1967 353 2038 Ὠκεανοῦ
376 1966 431 2037 καὶ
458 1969 593 2057 Τηθύος
615 1971 806 2056 ἐξεγένοντο

25 2074 247 2161 πρεσβύταται
269 2080 403 2162 κοῦραι·
425 2082 549 2143 πολλαί
567 2102 604 2161 γε
628 2078 690 2161 μέν
713 2079 777 2141 είσι
799 2074 854 2140 καὶ
877 2073 983 2144 άλλαι.

21 2181 90 2266 τρῖς
112 2179 176 2268 γὰρ
200 2186 306 2266 χίλιαί
326 2186 390 2248 είσι
412 2180 623 2267 τανύσφυροι
645 2178 846 2264 Ὠκεανῖναι,

22 2289 59 2351 αί
79 2288 121 2373 ῥα
143 2287 363 2372 πολυσπερέες
385 2300 484 2372 γαῖαν
506 2286 561 2353 καὶ
584 2287 710 2371 βένθεα
732 2289 850 2370 λίμνης
975 2302 1027 2353 365

22 2390 129 2479 πάντη
154 2388 243 2477 ὁμώς
266 2392 437 2477 ἐφέπουσι,
459 2390 574 2459 θεάων
597 2388 704 2475 άγλαδι
727 2391 834 2457 τέκνα.

23 2496 136 2563 τόσσοι
160 2494 189 2562 δ’
215 2488 292 2563 αὖθ’
319 2498 425 2582 ἕτεροι
445 2496 589 2582 ποταμοὶ
610 2492 783 2582 καναχηδὰ
806 2496 948 2581 ῥέοντες,

24 2602 108 2679 νίεές
127 2599 290 2667 Ὠκεανοῦ
312 2598 391 2679 τοὺς
412 2606 544 2686 γείνατο
566 2600 687 2667 πότνια
715 2597 840 2685 Τηθύς·
902 2651 904 2655 -

24 2710 89 2773 τῶν
113 2704 205 2792 ὄνομ’
232 2704 396 2793 ἀργαλέον
419 2705 554 2773 πάντων
578 2708 687 2795 βροτῷ
711 2702 811 2790 άνδρλ
835 2705 993 2790 ἐνισπεῖν,

26 2814 58 2877 οί
80 2811 116 2878 δὲ
140 2813 270 2879 ἕκαστοι
294 2820 417 2896 ἴσασιν,
441 2808 516 2879 ὅσοι
539 2808 817 2897 περιναιετάουσι.
977 2828 1029 2878 370

74 2904 80 2915 ’
110 2923 190 2985 Θεία
214 2913 243 2982 δ
265 2914 398 2983 Ἠέλιόν
419 2942 455 2983 τε
478 2916 582 3001 μέγαν
605 2912 760 3000 λαμπράν
783 2939 818 2981 τε
841 2912 998 2999 Σελήνην

23 3019 85 3088 Ήώ
107 3020 154 3108 θ’,
178 3017 199 3107 ἣ
221 3020 403 3089 πάντεσσιν
427 3024 651 3108 ἐπιχθονίοισι
674 3024 804 3105 φαείνει

26 3124 208 3205 ἀθανάτοις
230 3150 265 3193 τε
287 3135 410 3209 θεοῖσι,
433 3124 485 3191 τοί
509 3122 659 3209 οὐρανόν
683 3122 786 3210 εὐρὺν
811 3128 934 3208 έχουσι,

24 3230 149 3315 γείναθ’
174 3226 395 3317 ὑποδμηθεῖδ
414 3228 607 3316 Ὑπερίονος
630 3232 667 3297 έν
691 3228 852 3316 φιλότητι.

110 3343 206 3427 Κρίφ
230 3333 260 3402 δ’
285 3333 438 3422 Εύρνβίη
460 3335 553 3400 τέκεν
577 3337 614 3402 ἐν
638 3334 790 3420 φιλότητι
813 3343 946 3418 μιγεῖσα
977 3350 1029 3399 376

23 3438 193 3529 Ἀστραῖόν
216 3467 251 3508 τε
274 3443 379 3528 μέγαν
402 3440 640 3507 Πάλλαντάτε
664 3444 720 3505 δῖα
742 3438 857 3506 θεάων
