2517 4050
349 257 463 307 Anum
482 256 720 308 Ηεειτλυονε.
983 258 1023 321 37
1055 246 1058 253 ’

14 391 143 478 Κήϋκα.
179 384 223 477 ήν
252 391 289 458 δέ
312 387 330 457 ὁ
355 389 491 470 Κύκνος
513 390 663 479 γαμβρός
685 389 820 476 Κήύκος
843 391 895 458 ἐπὶ
917 401 1024 477 θυγα-

13 499 68 584 τρὶ
93 495 344 584 Θεμιστονόηθ).

500 677 538 738 Β.

105 797 149 862 Οί
183 794 305 882 Τάφιοι
336 795 391 861 καὶ
425 796 460 861 οί
493 793 656 879 Τηλεβόαι
685 799 732 875 είς
763 800 835 884 ἐριυ
867 795 1024 875 ἐλθόντες

13 898 98 987 πρὸς
115 897 194 978 τοὺς
212 897 382 985 ἀδελφοὺς
399 902 457 985 τής
478 896 660 985 Ἀλκμήνης
680 899 869 985 ἐφόνευσαν
892 900 1024 980 αὐτούς.

14 1004 98 1092 αὐτή
132 1004 170 1072 δὲ
201 1001 261 1072 τὸν
295 1005 413 1090 ἑαυτῆς
444 1004 552 1090 νόμον
583 1002 738 1092 ἐκήρυττε
771 1014 952 1091 γαμεῖσθαι
978 1010 1024 1098 τῷ

16 1110 193 1200 δυναμένφ
214 1111 420 1194 διεκδικήσαι
437 1105 497 1175 τόν
520 1106 673 1175 θάνατον
694 1113 762 1176 τῶν
785 1107 943 1197 ἀδελφῶν
966 1109 1024 1179 αύ-

14 1221 79 1301 τής.
102 1214 342 1302 περιερχομέυη
371 1204 433 1281 οὖν
463 1213 515 1280 ἐπὶ
542 1212 674 1292 τούτοις
695 1204 804 1298 ήλθεν
827 1216 864 1282 ἐν
887 1215 1023 1302 Θήβαις,

16 1318 100 1389 ὅπου
124 1318 304 1388 ἐδούλευεν
319 1315 336 1385 ὁ
349 1315 562 1405 Ἀμφιτρύων
585 1317 668 1386 τότε.
713 1317 866 1397 κάκεῖνος
887 1318 1024 1407 ὑπέσχε-

14 1453 51 1494 το
75 1424 168 1514 αύτή.
208 1427 226 1467 *
245 1427 263 1467 *
281 1423 332 1513 *7)
356 1421 374 1490 ὁ
396 1421 607 1511 Ἀμφιτρύων
626 1420 645 1490 ὁ
664 1426 723 1509 τής
742 1422 926 1512 Ἀλκμήνης
944 1425 1024 1493 σύν-

16 1557 113 1611 ευνος
138 1529 200 1599 τὸν
227 1533 286 1615 τής
309 1530 428 1597 ἑαυτοῦ
456 1555 615 1614 νυναικος
643 1532 767 1618 πατέρα
795 1527 1024 1617 Ἠλεκτρύωνα

16 1635 223 1714 ἀποκτείνας.

506 1833 542 1895 Γ.

107 1955 172 2039 Τής
196 1955 345 2031 Λσπίδος
372 1949 393 2038 ή
423 1949 506 2039 όιρχή
531 1952 567 2018 ἐν
590 1955 636 2041 τῷ
666 1950 696 2018 δ’
719 1951 904 2044 Καταλόγφ
928 1954 1023 2041 φέρε-

13 2085 67 2125 ται
90 2059 185 2145 μέχρι
209 2062 330 2142 στίχων
353 2056 383 2123 ν’
405 2058 460 2124 καὶ
488 2056 557 2144 ς’θ).
602 2054 795 2125 ὑπιόπτευκε
819 2058 856 2126 δὲ
880 2056 1024 2144 Ἀριστο-

15 2162 134 2249 φάνης,
159 2160 219 2248 ούχ
243 2159 260 2229 ό
283 2160 440 2248 κωμικός,
463 2160 548 2228 ἄλλό
570 2188 620 2241 τις
643 2164 763 2248 ἔτερος,
786 2164 1022 2251 γραμματικός,

15 2266 59 2347 ὡς
78 2265 138 2336 οὐκ
157 2259 264 2334 οὖσαν
282 2263 419 2354 αύτήνθ)
433 2262 605 2350 Ἡσιόδου,
624 2264 693 2334 ἀλλ’
715 2266 831 2352 ε’τέρου
851 2265 945 2347 τινὸς
961 2267 1023 2355 τήν

9 2370 189 2460 Ὁμηρικήν
212 2369 336 2439 ἀσπίδα
355 2370 565 2457 μιμήσασθαι
583 2374 864 2459 προαιρουμένου.
909 2381 1023 2461 Μεγα-

14 2483 94 2565 κλῆς
113 2477 151 2545 δὲ
169 2474 187 2545 ὁ
204 2476 383 2562 Ἀθηναῖος
405 2475 547 2562 γνήσιον
571 2474 633 2563 μέν
653 2474 723 2544 οἶδε
745 2475 783 2544 τό
807 2482 942 2564 ποίημα,
966 2477 1023 2547 ἅλ-

14 2591 79 2663 λως
102 2582 139 2652 δὲ
163 2584 293 2671 ἐπιτιμᾷ
316 2584 361 2672 τῷ
380 2578 580 2672 Ἡσιόδφῑο).
603 2580 729 2667 ἄλογον
752 2581 816 2670 γάρ
845 2603 928 2669 φησι
951 2606 1023 2651 ποι-

16 2704 65 2756 εῖν
85 2687 274 2776 Ἥφαιστον
301 2699 371 2764 τοῖς
397 2690 455 2771 τής
482 2688 621 2773 μητέρος
649 2688 783 2772 ἐχθροῖς
811 2684 897 2753 ὅπλα
925 2690 1022 2775 παρέ-

16 2832 229 2841 ——--——

85 2902 112 2966 6)
132 2898 178 2952 Sic
198 2898 324 2953 Goessssl.
339 2897 446 2951 Rank.
462 2896 529 2950 Pal.
545 2896 693 2950 Schoem.
714 2913 777 2950 eum
796 2896 874 2951 codd.
889 2896 950 2950 Par.
970 2898 1022 2951 AF

16 2970 52 3036 (n.
71 2974 150 3023 2708.
170 2970 252 3036 2772)
273 2967 348 3036 apud
366 2967 469 3022 Rank.
488 2966 572 3050 Vulg.
593 2962 796 3036 Θεμιστονόμη.
810 2997 846 3006 -
858 2962 929 3034 πρὸς
946 2965 1022 3035 Κήυ-

16 3058 51 3092 κα
73 3036 123 3093 τὸν
147 3032 292 3105 πενθερὸν
316 3032 423 3091 κύκνου
445 3033 496 3091 τὸν
518 3055 660 3105 ηημαντος
684 3032 874 3105 Θεμιστονόην
897 3038 958 3090 Em.
996 3040 1021 3105 7)

15 3106 132 3163 Videtur
150 3108 308 3161 addendum
327 3106 376 3160 καλ
403 3102 524 3174 ἐγένετο.
544 3136 576 3144 -
597 3109 624 3175 8)
643 3106 705 3159 Em.
724 3108 755 3161 A.
776 3107 857 3176 Vulg.
876 3101 901 3159 ν’
920 3106 969 3159 καὶ
988 3103 1021 3163 τ’.

15 3178 135 3233 Refinxit
158 3176 269 3231 Heinr.
294 3178 424 3231 monente
443 3175 558 3231 Petito
577 3175 613 3230 de
631 3176 704 3245 legg.
724 3178 781 3231 Att.
796 3194 824 3246 p.
843 3182 903 3231 462.
942 3174 1018 3230 Cete-

15 3265 75 3302 rum
86 3265 137 3317 pro
152 3244 176 3301 δ’
192 3251 288 3302 καταλ.
300 3247 360 3302 cod.
375 3247 464 3301 Rehd.
484 3244 614 3299 dishinete
625 3244 747 3316 τετάρτῳ
762 3249 795 3301 Κ.
832 3245 866 3300 V.
885 3247 1021 3299 Marck-

16 3318 167 3373 scheffel.
200 3317 315 3371 Hesiodi
339 3318 391 3370 ete.
411 3335 437 3384 p.
459 3320 518 3370 142.
559 3316 653 3369 Verba
672 3312 724 3383 ούη
743 3311 758 3369 ὁ
777 3346 813 3356 -
832 3311 1022 3384 γραμματικός

15 3388 112 3443 desunt
139 3388 218 3444 codd.
247 3387 309 3441 Par.
337 3386 425 3440 AEF
452 3385 524 3454 (Par.
544 3390 622 3439 2⁷08.
647 3392 724 3440 2773.
743 3388 832 3453 2777).
851 3385 911 3439 Em.
936 3415 970 3425 -
993 3387 1021 3453 9)

15 3457 69 3513 Vl.
98 3475 148 3528 pro
175 3452 266 3526 αὐτὴν
292 3457 379 3511 ὴεδελ
410 3454 460 3521 τὴν
489 3449 657 3509 ὁπλοποιιάν
689 3452 804 3523 ταύτην.
833 3484 867 3495 -
896 3455 940 3523 10)
972 3457 1020 3509 καὶ
