2517 4050
231 215 252 276 ς
658 214 826 266 monor

229 347 293 434 η’δὲ
315 350 542 435 φιλομμηδέα,
567 345 618 416 ότι
641 349 775 434 μηδέων
798 346 1014 434 ἐξεφαάνθη]ι
1191 367 1242 417 200

231 457 271 542 τῆ
295 451 327 519 δ’
341 452 444 542 Ἔρος
466 451 639 540 ὡμάρτησε
659 454 715 520 καὶ
730 451 860 539 Ἵμερος
883 453 998 520 ἕσπετο
1020 451 1121 532 καλὸς

231 561 409 647 γεινομένη
432 561 585 646 ταπρῶτα
606 561 700 626 θεάν
721 556 750 626 τ’
776 561 810 637 ές
832 561 941 644 φῦλον
965 557 1072 645 ίούση.

232 663 355 750 ταύτην
379 662 412 730 δ’
438 666 471 744 ἐξ
495 662 597 750 ἀρχῆς
619 661 719 749 τιμῆν
743 669 809 749 ἔχει
832 661 892 749 ῆδδ
914 664 1048 749 λέλογχε

232 783 354 856 μοῖραν
377 771 414 838 έν
436 767 650 855 ἀνθρώποισι
671 768 728 834 καὶ
750 766 953 836 ἀθανάτοισι
974 776 1101 853 θεοῖσι,

231 879 438 961 παρθενίους
459 870 489 938 τ’
516 870 640 959 ὀάρους
664 871 848 959 μειδήματά
869 870 899 941 τ’
925 870 1085 952 ἐξαπάτας
1107 897 1144 940 τε
1191 892 1240 942 2οο

231 979 348 1065 τέρψιν
370 1003 406 1044 τε
429 975 592 1064 γλυκερῆν
617 976 778 1064 φιλότητά
801 1004 836 1046 τε
858 983 1023 1064 μειλιχίην
1045 1003 1089 1045 τε.

324 1079 410 1164 Τοὺς
433 1082 470 1150 δὲ
492 1081 599 1170 πατῆρ
626 1088 768 1169 Τιτῆνας
791 1086 962 1170 ἐπίκλησιν
985 1084 1162 1150 καλέεσκον

231 1191 353 1268 παῖδας
374 1194 527 1256 νεικείων
548 1189 650 1275 μέγας
673 1187 827 1276 Οὐρανός
851 1186 910 1269 οὓς
933 1191 1025 1258 τέκεν
1049 1185 1161 1266 αὐτός.

232 1292 338 1380 φάσκε
363 1292 400 1360 δὲ
421 1297 631 1372 τιταίνοντας
653 1292 840 1383 άτασθαλίη
863 1296 945 1381 μέγα
968 1296 1059 1380 ῥέξαι

232 1403 348 1486 ἔργον,
371 1411 443 1466 τοῖο
467 1396 498 1464 δ’
525 1403 635 1466 ἔπειτα
657 1405 745 1466 τίσιν
768 1397 970 1485 μετόπισθεν
994 1403 1139 1464 ἔσεσθαι.
1187 1417 1247 1499 21οῚ

321 1502 395 1584 Νὺξ
407 1500 437 1569 δ’
451 1507 537 1571 ἔτεκε
547 1503 710 1590 στυγερόν
723 1529 758 1571 τε
772 1502 894 1589 Μόρον
904 1505 960 1570 καὶ
970 1508 1068 1590 Κῆρα
1078 1502 1247 1593 μέλαινανλ

12 1557 287 1679 ’Noa
301 1607 469 1691 Θάνατον,
483 1610 554 1675 τέκε
570 1606 601 1674 δ’
616 1606 754 1693 Ὕπνον,
778 1612 880 1676 ἔτικτε
894 1607 931 1674 δέ
946 1612 1056 1693 φῦλον
1067 1606 1241 1696 Ὀνείρων·

233 1713 342 1782 οὔτινι
363 1722 563 1800 κοιμηθεῖσα
585 1711 651 1780 θεά
673 1715 745 1781 τέκε
768 1711 842 1794 Νὺξ
865 1713 1031 1800 έρεβεννῆ.

234 1818 391 1904 δεύτερον
414 1811 457 1884 αὖ
480 1820 612 1902 Μῶμον
635 1818 690 1884 καί
711 1815 818 1898 Ὀῖζδν
842 1815 1080 1904 ἀλγινόεσσαν,

228 1923 423 2009 Ἑσπερίδας
444 1920 496 2007 θ’,
519 1916 572 2000 αἷς
594 1926 682 2007 μῆλα
703 1923 809 2009 πέρην
832 1926 954 1990 κλυτοῦ
974 1921 1146 1992 Ὠκεανοῖο
1190 1944 1242 1992 εισ

232 2029 355 2119 χρύσεα
377 2027 461 2097 καλδι
483 2030 621 2115 μέλουσι
645 2028 790 2117 φέροντά
813 2055 848 2097 τε
872 2031 1013 2117 δένδρεα
1034 2030 1174 2117 καρπόν.

232 2138 288 2205 καὶ
310 2140 443 2223 Μοίρας
464 2136 520 2203 καὶ
543 2139 659 2224 Κῆρας
682 2136 830 2222 ἐγείνατο
853 2141 1107 2222 νηλεοποίνους,

234 2240 381 2326 [Κλωθεό
403 2268 438 2310 τε
461 2240 607 2328 Λάχεσίν
629 2267 665 2309 τε
686 2242 742 2308 καὶ
755 2240 937 2328 Ἄτροπον,
961 2245 1031 2309 αἵτε
1052 2246 1205 2327 βροτοῖσι

232 2347 457 2433 γεινομένοισι
481 2348 637 2414 διδοῦσιν
662 2351 748 2431 ἔχειν
771 2344 904 2430 άγαθόν
927 2372 961 2413 τε
984 2347 1088 2411 κακόν
1110 2352 1175 2431 τε,]

233 2449 297 2520 αἵτ’
322 2449 458 2537 άνδρῶν
481 2475 516 2518 τε
538 2452 631 2516 θεῶν
654 2475 690 2517 τε
711 2454 932 2535 παραιβασίας
954 2450 1136 2536 έφέπουσαι
1187 2473 1239 2522 220

234 2555 392 2625 οὐδέποτε
414 2553 555 2639 λῆγονσι
578 2554 656 2621 θεαὶ
681 2556 805 2621 δεινοῖο
829 2551 954 2639 χόλοιο,

231 2667 311 2750 πρίν
333 2658 365 2747 γ’
392 2657 455 2728 άπδ
478 2662 524 2750 τῷ
549 2657 662 2726 δάωσι
683 2656 789 2744 κακῆν
813 2657 908 2744 όπιν,
932 2658 1018 2739 ὅςτις
1041 2657 1179 2751 άμάρτη.
1245 2665 1246 2732 f

231 2772 318 2835 τίκτε
340 2764 378 2833 δὲ
400 2765 455 2832 καὶ
477 2766 642 2851 Νέμεσιν,
664 2766 758 2850 πῆμα
780 2772 938 2849 θνητοῖσι
960 2771 1127 2852 βροτοῖσι,
1245 2757 1246 2790 ³

231 2869 320 2956 [Νὺξ
343 2869 439 2956 ὀλοή·
462 2867 542 2956 μετδι
564 2867 626 2954 τῆν
651 2867 682 2935 δ’
705 2866 848 2955 Ἀπάτην
870 2871 942 2938 τέκε
963 2871 1019 2937 καὶ
1045 2870 1232 2960 Φιλότητα]

230 2974 342 3064 Γῆράς
355 2973 385 3043 τ’
403 2971 601 3061 οὐλόμενον,
615 2973 772 3061 καὶἝριν
786 2975 858 3043 τέκε
871 2974 1135 3063 καρτερόθυμον.
1183 2997 1231 3046 ννσ

320 3077 435 3165 Αὐτάρ
448 3079 543 3166 Ἔρις
561 3078 702 3168 στυγερῆ
721 3082 792 3148 τέκε
815 3079 877 3167 μέν
896 3078 1014 3148 Πόνον
1038 3078 1231 3167 άλγινόεντα

232 3186 354 3273 Λῆθην
377 3211 412 3253 τε
434 3183 546 3271 Λιμόν
567 3210 603 3253 τε
624 3186 680 3253 καὶ
704 3184 823 3273 ’Ἁλγεα
847 3185 1066 3274 δακρυόεντα,

226 3292 382 3380 Ὑσμίνας
404 3317 439 3359 τε
465 3290 598 3371 Φόνους
620 3317 670 3377 τε,
693 3291 813 3378 Μάχας
835 3288 864 3358 τ’
888 3288 1141 3378 Ἀνδροκτασίας
1161 3319 1210 3379 τε,

229 3395 355 3464 Νείκεά
377 3422 412 3464 τε
435 3397 578 3477 ψευδέας
599 3422 635 3464 τε
658 3395 791 3482 Λόγους
810 3393 1025 3483 Ἀμφιλογίας
1046 3423 1095 3482 τε,
