2517 4050
252 258 296 322 40
671 261 837 314 ΗΣΙΟΔΟΤ

253 390 300 473 δός
321 393 384 480 γάρ
409 396 444 462 οί
465 395 615 480 διέκειτο,
638 395 715 462 θεοὶ
740 393 773 462 δ’
799 395 1015 482 ἐπιμάρτυροι
1037 388 1137 482 ήσαν·

252 502 322 566 τῶν
346 497 393 584 ὅγ’
419 497 546 581 ὀπίζετο
570 504 685 586 μῆνιν,
708 501 852 585 ἐπείγετο
877 499 908 568 δ’
934 499 1014 570 όττι
1036 500 1170 586 τάχιστα
1239 536 1240 541 ¹

137 682 143 694 ι
254 607 418 678 ἐκτελέσαι
441 606 524 691 μέγα
547 610 658 693 ἔργον,
682 603 702 673 ὅ
725 609 760 672 οί
782 604 913 673 Διόθεν
935 607 1034 692 θέμις
1056 598 1125 691 ήεν.
1239 596 1240 625 ³

251 715 297 800 τῷ
323 708 355 777 δ’
380 708 448 797 ἅμα
471 710 596 795 ίέμενοι
618 709 778 796 πολέμοιό
800 736 835 778 τε
859 710 1045 797 φυλόπιδός
1066 736 1102 779 τε

253 815 396 884 Βοιωτοὶ
418 813 607 900 πλήξιπποι,
630 812 715 901 ὑπὲρ
738 817 867 883 σακέων
889 822 1070 901 πνείοντες,

253 1022 397 1093 ἕσποντ’·
419 1015 500 1112 ἦρχε
523 1023 561 1092 δὲ
582 1039 693 1092 τοῖσιν
716 1023 771 1104 έύς
792 1026 870 1104 πάϊς
889 1024 1065 1111 Ἀλκαίοιο,

248 1113 401 1217 Ικυδιόων
424 1136 542 1196 λαοῖσι.
587 1127 694 1217 πατήρ
719 1129 749 1197 δ’
776 1129 913 1217 ἀνδρῶν
935 1157 970 1199 τε
991 1135 1084 1199 θεῶν
1106 1158 1141 1200 τε

252 1234 358 1321 άλλην
381 1239 479 1321 μήτιν
503 1233 626 1322 ὕφαινε
649 1233 729 1322 μετά
753 1242 882 1324 φρεσίν,
906 1235 997 1324 ὄφρα
1019 1245 1152 1304 θεοῖσιν

252 1339 397 1427 ἀνδράσι
419 1337 445 1407 τ’
470 1337 680 1428 ἀλφηστῇσιν
704 1338 788 1428 ἀρῆς
809 1339 959 1428 ἀλκτῆρα
981 1341 1153 1428 φυτεύσαι.

253 925 383 1007 Λοκροί
401 917 426 988 τ’
452 918 631 1006 ἀγχέμαχοι
652 920 708 987 καί
734 925 870 1007 Φωκῆες
893 921 1082 1008 μεγάθυμοι
1218 930 1243 1195 ιη

253 1439 339 1533 ὦρτο
355 1443 385 1512 δ’
403 1441 455 1511 ἀπ’
476 1442 670 1531 Οὐλύμποιο
690 1444 793 1513 δόλον
812 1448 911 1533 φρεσὶ
929 1446 1196 1534 βυσσοδομεύων,
1217 1464 1240 1512 3⁰

253 1555 392 1639 ἱμείρων
414 1549 592 1636 φιλότητος
615 1549 772 1632 ἐϋζώνοιο
795 1552 965 1638 γυναικός,

252 1654 419 1740 ἐννύχιος·
442 1653 524 1738 τάχα
548 1652 580 1719 δ’
607 1649 654 1736 ἷξε
681 1655 889 1742 Τυφαόνιον·
911 1656 1015 1724 τόθεν
1038 1649 1131 1737 αύτις
1243 1724 1244 1745 ,

255 1765 375 1829 Φίκιον
397 1756 579 1845 ἀκρότατον
602 1761 827 1848 προςεβήσατο
850 1768 985 1848 μητίετα
1008 1762 1101 1842 Ζεύς.

252 1871 340 1933 ἔνθα
361 1863 583 1950 καθεζόμενος
605 1866 704 1953 φρεσί
727 1865 848 1952 μήδετο
871 1869 1014 1934 θέσκελα
1038 1873 1131 1956 ἔργα·

253 1969 337 2059 αὐτή
359 1969 421 2058 μέν
444 1967 507 2057 γὰρ
530 1971 624 2039 νυκτὶ
648 1971 868 2061 τανυσφύρου
888 1970 1136 2061 Ἠλεκτρυώνης
1218 1985 1245 2037 35¹

252 2074 333 2166 εὐνή
357 2076 412 2143 καὶ
435 2076 588 2163 φιλότητι
611 2083 702 2163 μίγη,
724 2079 856 2145 τέλεσεν
879 2075 910 2145 δ’
936 2075 986 2164 ἄρ’
1012 2078 1148 2162 ἐέλδωρ,

252 2180 336 2271 αὐτῇ
360 2180 387 2249 δ’
410 2179 622 2269 Ἀμφιτρύων
646 2181 820 2266 λαοσσόος,
842 2179 968 2267 ἀγλαός
990 2180 1090 2269 ἥρως,

252 2289 420 2365 ἐκτελέσας
442 2287 525 2373 μέγα
549 2292 648 2373 ἔργον
672 2287 808 2373 ἀφίκετο
833 2284 913 2354 όνδε
937 2284 1092 2372 δόμονδε.

252 2390 325 2460 οὐδ’
349 2390 396 2477 ὅγ’
422 2392 475 2459 ἐπὶ
498 2394 611 2477 δμῶας
633 2392 689 2457 καὶ
711 2392 871 2477 ποιμένας
893 2388 1078 2479 ἀγροιύτας

251 2490 326 2579 ὦρτ’
352 2497 448 2580 ίέναι,
471 2495 551 2582 πρὶν
573 2485 613 2579 ής
635 2492 761 2579 ἀλόχου
784 2495 980 2583 ἐπιβήμεναι
1004 2494 1117 2584 εύνής·
1217 2515 1243 2562 4⁰

250 2612 340 2681 τοίος
361 2599 425 2687 γάρ
447 2603 590 2685 κραδίην
612 2599 722 2679 πόθος
744 2610 860 2670 αίνυτο
884 2603 1026 2689 ποιμένα
1049 2607 1146 2671 λαῶν.

251 2704 296 2786 ὡς
319 2704 351 2774 δ’
378 2703 424 2774 ὅτ’
449 2703 536 2793 ἀνὴρ
559 2703 730 2773 ἀσπαστὸν
752 2704 992 2795 ὑπεκπροφύγῃ
1014 2707 1176 2793 κακότητα

249 2810 378 2880 νούσου
400 2807 454 2878 ἀτί
480 2807 643 2898 ἀργαλέης
664 2806 684 2897 ή
707 2812 763 2878 καί
784 2816 947 2900 κρατεροῦ
970 2810 1035 2880 ὑπὸ
1059 2815 1195 2901 δεσμοῦ,

251 2915 296 2996 ὥς
319 2918 361 3003 ῥα
383 2912 447 2985 τότ’
470 2914 682 3004 Ἀμφιτρύων
705 2915 849 3001 χαλεπὸν
872 2917 981 2985 πόνον
1003 2917 1238 2993 ἐκτολυπεύσας

249 3020 420 3101 ἀσπασίως
440 3046 475 3090 τε
498 3027 604 3108 φίλως
626 3047 661 3087 τε
684 3020 741 3089 ἑόν
766 3021 873 3108 δόμον
896 3027 1094 3109 είςαφίκανε.
1218 3038 1245 3086 45

249 3126 432 3213 παννύχιος
455 3124 486 3193 δ’
511 3124 561 3213 ἀρ’
587 3132 697 3194 ἔλεκτο
721 3126 785 3195 σύν
808 3131 920 3215 αἰδοίη
943 3134 1125 3214 παρακοίτι,

248 3232 451 3321 τερπόμενος
474 3231 614 3320 δώροισι
636 3233 852 3321 πολυχρύσου
871 3233 1077 3321 Ἀφροδίτης.

249 3334 269 3425 ἢ
294 3338 332 3405 δέ
354 3342 425 3429 θεῷ
449 3342 616 3426 δμηθεῖσα
638 3340 693 3406 καὶ
716 3337 810 3425 ἀνέρι
833 3338 958 3408 πολλὸν
982 3339 1103 3429 ἀρίστω

249 3442 342 3530 Θήβη
366 3445 403 3510 ἐν
427 3442 599 3533 ἑπταπύλῳ
624 3442 808 3529 διδυμάονε
831 3446 963 3530 γείνατο
987 3448 1094 3531 παῖδε,
