2517 4050
421 244 617 298 οεουοαιε.
919 218 921 220 ’
1000 245 1021 310 9

15 382 213 464 Λυςνομίην
234 376 338 464 ’Ἁτηυ
361 403 409 465 τε,
432 376 601 466 συνήθεας
623 378 828 466 ἀλλήλοισιν,
971 400 1024 448 230

13 478 129 567 Όρκον
152 480 203 567 θ’,
227 478 265 561 δς
288 480 329 567 δή
353 489 508 551 πλεῖστον
532 485 747 570 ἐπιχθονίους
769 483 972 570 ἀνθρώπους

12 590 187 672 πημαίνει,
211 585 266 654 ότε
287 588 346 654 κέν
368 613 418 667 τις
442 585 526 655 ἕκδιν
549 591 706 674 ἐπίορκον
728 585 866 677 όμόσση.

103 693 222 778 Νηρέα
245 689 277 758 δ’
303 690 450 772 ἀψευδέα
472 694 527 761 καὶ
550 691 679 780 ἀληθέα
701 698 835 778 γείνατο
858 693 1005 778 Πόντος,

14 795 245 881 πρεσβύτατον
268 801 413 865 παίδων·
437 796 541 883 αὐτάρ
563 799 721 866 καλέουσι
744 799 900 884 γέροντα,

17 898 139 968 οὕνεκα
162 901 326 989 νημερτής
347 928 383 970 τε
404 903 460 970 καί
483 901 594 988 ήπιος,
619 901 698 971 οὐδὲ
720 905 907 988 θεμιστέων
972 923 1024 972 235

14 1004 170 1091 λήθεται,
194 1004 277 1073 ἀλλά
301 1010 412 1073 δίκαια
434 1007 490 1074 καί
513 1006 593 1092 ήπια
618 1007 722 1093 δήνεα
745 1005 847 1076 οἶδεν.

16 1102 108 1190 αὖτις
132 1106 163 1176 δ’
190 1102 233 1178 αὐ
256 1111 435 1198 Θαύμαντα
458 1113 563 1197 μέγαν
583 1114 641 1180 καὶ
663 1110 813 1199 ἀγήνορα
840 1113 975 1200 Φόρκυν

15 1221 99 1303 Γαίη
123 1215 324 1303 μισγόμενος
345 1217 400 1284 καὶ
423 1214 524 1302 Κητὼ
546 1216 791 1305 καλλιπάρηου,

14 1318 190 1407 Εὐρυβίην
213 1319 242 1390 τ’
269 1319 459 1407 ἀδάμαντος
481 1323 532 1389 ένὶ
555 1323 655 1410 φρεσὶ
677 1320 792 1408 θυμὸν
816 1327 968 1408 ἔχουσαν.

103 1429 243 1514 Νηρήος
265 1424 297 1492 δ’
323 1428 477 1511 ἐγένοντο
501 1426 670 1514 μεγήρατα
691 1428 790 1495 τέκνα
812 1426 927 1495 θεάων
972 1445 1024 1495 240

14 1530 127 1622 πόντῳ
151 1534 188 1600 έν
210 1529 377 1622 ἀτρυγέτῳ
399 1531 455 1598 καὶ
479 1535 636 1620 Δωρίδος
657 1529 835 1619 ήύκόμοιο,

14 1636 139 1724 κούρης
158 1635 346 1721 Ὠκεανοῖο,
369 1634 542 1723 τελήεντος
563 1651 737 1725 ποταμοῖο,

15 1740 146 1830 Πρωτά
169 1739 199 1809 τ’
223 1739 379 1829 Εὐκράτη
401 1767 452 1826 τε,
476 1740 557 1809 Σαοό
580 1741 610 1810 τ’
633 1741 825 1830 Ἀμῳιτρίτη
848 1770 897 1829 τε,

14 1846 160 1933 Εὐδώρη
183 1872 220 1914 τε
242 1848 336 1926 Θέτις
358 1873 407 1932 τε,
431 1846 565 1934 Γαλήνη
589 1875 623 1915 τε
646 1847 780 1934 Γλαύκη
803 1874 853 1934 τε,

15 1951 199 2040 Κυμοθόη,
223 1948 336 2018 Σπειοό
359 1978 394 2019 τε
416 1951 500 2040 θοή,
524 1959 628 2040 (θαλίη
652 1951 681 2021 τ’
708 1953 860 2043 ἐρόεσσα,
973 1972 1025 2021 245

14 2062 70 2127 καὶ
93 2063 223 2142 Μελίτη
247 2061 405 2145 χαρίεσσα
428 2058 483 2125 καὶ
505 2056 676 2146 Εὐλιμένη
698 2061 754 2127 καὶ
774 2058 910 2146 Ἀγαυή,

15 2166 172 2249 Πασιθέη
195 2161 225 2230 τ’
248 2161 372 2249 Ἐρατώ
394 2188 429 2230 τε
452 2164 507 2229 καὶ
529 2161 657 2250 Εὐνίκη
677 2163 880 2251 ῥοδόπηχυς,

16 2268 123 2339 Δωτώ
146 2294 181 2336 τε
204 2265 342 2355 Πρωθεό
365 2292 414 2351 τε,
441 2267 594 2353 Φέρουσά
617 2294 653 2335 τε
676 2271 859 2356 Δυναμένη
882 2296 932 2356 τε,

14 2379 151 2461 Νησαίη
173 2400 209 2441 τε
231 2372 287 2440 καὶ
306 2370 436 2458 Ἀκταίη
459 2374 515 2439 καὶ
537 2375 790 2461 Πρωτομέδεια,

17 2481 131 2567 Δωρὶς
153 2479 209 2545 καί
232 2476 376 2564 Πανόπη
399 2478 455 2544 καὶ
477 2475 607 2563 εὐειδής
631 2479 808 2564 Γαλάτεια,
973 2499 1025 2549 250

11 2566 176 2670 Ἱπποθόη
199 2581 228 2651 τ’
255 2582 394 2669 ἐρόεσσα
416 2583 472 2650 καὶ
491 2580 648 2668 Ἱππονόη
672 2583 874 2670 ῥοδόπηχυς,

17 2686 200 2777 Κυμοδόκη
223 2685 274 2771 θ’,
297 2684 317 2773 ἢ
341 2686 458 2775 κύματ’
485 2690 522 2755 έν
545 2685 710 2774 ήεροειδέι·
730 2688 841 2780 πόντῳ

15 2794 136 2875 πνοιάς
156 2819 191 2862 τε
216 2796 365 2879 ζαχρηοῖν
389 2792 523 2880 ἀνέμων
546 2792 609 2861 σὺν
632 2793 857 2883 Κυματολήγη

17 2904 89 2987 ῥεῖα
112 2898 255 2986 πρηΰνει
276 2899 333 2965 καὶ
356 2895 513 2988 έύσφύρῳ
534 2896 741 2986 Ἀμφιτρίτη,

17 3006 122 3093 Κυμώ
145 3004 174 3073 τ’
198 3002 314 3090 Ἠίόυη
337 3004 378 3070 τε
395 3001 598 3088 έϋστέῳαυός
619 3001 656 3069 θ’
676 3000 851 3091 Ἁλιμήδη,
973 3024 1024 3073 265

18 3108 238 3196 Γλαυκονόμη
260 3135 295 3177 τε
319 3106 538 3195 φιλομμειδὴς
559 3109 615 3175 καὶ
639 3108 887 3198 Ποντοπόρεια,

17 3215 186 3304 Λειαγόρη
209 3242 243 3282 τε
266 3216 321 3281 καὶ
344 3212 502 3301 Εὐαγόρη
525 3214 580 3280 καί
603 3216 807 3301 Λαομέδεια,

15 3320 225 3408 Πουλυνόμη
248 3321 361 3389 τεκαὶ
384 3318 539 3405 Αὐτονόη
563 3321 618 3387 καὶ
642 3320 876 3405 Λυσιάνασσα,

17 3424 156 3512 Εὐάρνη
179 3450 229 3510 τε,
252 3424 344 3512 φυήν
366 3424 395 3494 τ’
423 3423 521 3511 ἐρατή
543 3425 598 3491 καλ
621 3422 711 3505 εἶδος
732 3425 881 3509 άμωμος,
