2517 4050
214 1200 427 1296 ΑΣΠΙΣ
455 1200 882 1298 ΗΡΑΚΛΕΟΤΣ.

10 1491 78 1597 Ἠ
100 1533 157 1616 οἴη
182 1533 392 1617 προλιποῦσα
415 1528 542 1614 δόμους
563 1530 619 1596 καὶ
642 1533 785 1615 πατρίδα
807 1544 908 1615 γαῖαν

14 1634 148 1720 ήλυθεν
174 1636 208 1713 ἐς
230 1631 342 1718 Θήβας
364 1631 429 1720 μετ’
454 1630 575 1720 άρήίου
595 1631 827 1720 Ἀμφιτρύωνα

11 1739 193 1829 Ἀλκμήνη,
215 1738 370 1827 θυγάτηρ
393 1737 561 1806 λαοσσόου
581 1736 834 1821 Ἠλεκτρύωνος.

14 1843 36 1930 ή
61 1849 105 1932 ῥα
126 1849 299 1931 γυναικῶν
323 1848 433 1930 φῦλον
456 1846 610 1912 ἐκαίνυτο
633 1844 854 1933 θηλυτεράων

14 1955 106 2018 είδελ
122 1975 158 2017 τε
181 1950 314 2037 μεγέθει
337 1970 385 2016 τε·
408 1947 492 2016 νόον
515 1974 552 2035 γε
576 1947 637 2035 μὲν
662 1947 752 2029 ούτις
775 1955 858 2037 ἔριζε
1009 1969 1028 2019 ι

14 2056 122 2141 τάων,
143 2051 185 2135 ἃς
206 2056 330 2140 θνηταὶ
353 2062 493 2139 θνητοῖς
514 2056 612 2122 τέκον
636 2052 839 2141 εὐνηθεῖσαι.

14 2167 76 2248 τῆς
99 2163 151 2231 καλ
176 2158 240 2228 άπὸ
263 2165 392 2247 κρῆθεν
414 2158 594 2246 βλεφάρων
616 2156 642 2227 τ’
667 2157 732 2226 άπο
754 2158 968 2229 κυαυεόυτων

14 2282 114 2336 τοῖον
136 2264 213 2352 ἄηθ’
240 2260 315 2333 οἷόν
338 2291 373 2333 τε
395 2264 610 2352 πολυχρύσου
630 2262 835 2352 Ἀφροδίτης.

15 2370 36 2457 ἡ
64 2371 104 2440 δέ
124 2372 178 2439 καί
202 2367 247 2450 ὃς
268 2369 352 2439 κατά
373 2369 488 2457 θυμὸν
513 2369 570 2439 ἑὸν
592 2377 721 2439 τίεσκεν
744 2369 892 2457 άκοίτην,

17 2475 64 2557 ὡς
88 2475 178 2543 ούπω
202 2503 252 2555 τις
275 2482 361 2544 ἔτισε
383 2480 554 2562 γυναικῶν
576 2475 809 2564 θηλυτεράων·
994 2498 1027 2548 10

17 2574 39 2666 ή
64 2581 129 2668 μὲν
151 2584 187 2648 οί
206 2579 315 2668 πατέρ’
342 2578 468 2648 ἐσθλὸν
490 2579 673 2649 άπίκτανεν
697 2579 750 2667 ἶφι
774 2581 955 2667 δαμάσσας,

19 2685 210 2774 χωσάμενος
232 2686 307 2773 περὶ
330 2691 442 2770 βουσί·
466 2683 572 2753 λιπώυ
596 2683 628 2752 δ’
655 2683 712 2769 ὅγε
734 2690 877 2773 πατρίδα
899 2702 999 2773 γαίαυ

21 2794 53 2871 ἐς
75 2792 186 2879 Θήβας
210 2791 354 2857 ίκίτευσε
377 2791 600 2876 φερεσσακέας
622 2794 822 2876 Καδμείους.

21 2896 90 2964 ἔνθ’
117 2896 173 2984 ὅγε
197 2892 317 2980 δείματ’
344 2900 434 2963 ἔναιε
457 2894 521 2963 σὺν
545 2898 658 2982 αίδοίη
681 2901 857 2982 παρακοίτι

21 3003 146 3089 νύσφιυ
167 3001 244 3088 άτερ
270 3002 447 3088 φιλότητος
470 3002 643 3088 ἐφιμέρου,
668 2998 750 3068 ούδέ
771 3004 806 3068 οί
826 2993 887 3087 ήεν
992 3021 1024 3068 15

21 3109 100 3194 πρὶν
123 3110 243 3195 λεχέων
267 3109 421 3193 ἐπιβῆναι
445 3106 619 3195 έύσφύρου
639 3104 898 3195 Ἠλεκτρυώνης,

22 3219 100 3298 πρίν
122 3240 158 3299 γε
179 3212 287 3282 πόνον
309 3220 436 3281 τίσαιτο
460 3212 670 3299 κασιγνήτων
693 3212 896 3299 μεγαθύμων

23 3310 60 3403 ἧς
83 3316 217 3406 άλόχου,
240 3324 371 3410 μαλερῷ
395 3318 434 3386 δὲ
455 3321 656 3404 καταφλέξαι
679 3319 759 3406 πυρλ
782 3315 895 3401 κάμας

24 3421 156 3513 ἀνδρῶν
178 3424 298 3512 ήράων
324 3429 462 3511 Ταφίων
487 3422 537 3491 ίδὲ
565 3422 771 3509 Τηλεβοάων.
