2517 4050
218 250 259 314 ηρ
633 249 802 300 mmor

214 382 358 452 Ἐσθλδν
381 383 442 471 μὲν
465 382 684 471 παρεόντος
708 385 858 470 ἑλέσθαι,
882 388 973 470 πήμα
996 381 1034 448 δὲ
1055 384 1168 474 θυμῷ
1247 432 1249 464 ÷

218 495 364 578 χρηίζειν
387 488 562 576 ἀπεόντος,
585 486 607 556 ά
630 508 667 557 σε
690 489 876 575 φράζεσθαι
898 487 1023 574 ἀνωγα.

213 699 415 788 Ἀρχομένου
439 699 476 767 δέ
499 705 605 766 πίθου
626 699 682 766 καὶ
706 698 866 784 λήγοντος
887 699 1109 785 κορέσασθαι,

217 797 360 892 μεσσόθι
383 809 574 892 φείδεσθαι·
599 801 691 889 δειλή
715 802 747 869 δ’
774 803 823 872 ἐνί
846 804 995 889 πυθμένι
1019 801 1138 889 φειδώ.

219 1013 371 1099 [Μισθὸς
394 1012 427 1080 δ’
453 1011 554 1101 ἀνδρὶ
577 1020 665 1104 φίλῳ
689 1016 862 1101 εἰρημένος
884 1011 999 1100 άρκιος
1023 1019 1116 1080 ἔστω.
1179 1033 1249 1082 370

217 1124 275 1187 καί
293 1145 329 1188 τε
350 1118 537 1210 κασιγνήτῳ
560 1118 702 1205 γελάσας
725 1119 777 1186 ἐπὶ
799 1118 950 1206 μάρτυρα
971 1121 1108 1187 θέσθαι.

217 1337 371 1410 πίστεις
392 1329 456 1418 γάρ
478 1355 531 1397 τοι
550 1326 639 1416 ὁμῶς
660 1330 717 1397 καὶ
735 1328 882 1397 ἀπιστίαι
902 1327 1031 1396 ὤλεσαν
1050 1327 1221 1416 άνδρας.]’

217 1539 318 1627 Μηδὲ
339 1539 426 1626 γυνή
450 1559 487 1607 σε
509 1539 593 1608 νόον
615 1540 820 1626 πυγοστόλος
843 1539 1030 1621 ἐξαπατάτω

218 1644 341 1732 αἱμύλα
363 1649 585 1730 κωτίλλουσα,
608 1643 686 1732 τεὴν
710 1649 843 1732 διφῶσα
864 1644 992 1731 καλιήν.

218 1745 256 1830 ὃς
279 1748 316 1817 δέ
337 1750 471 1835 γυναιξὶ
493 1751 677 1836 πέποιθε,
700 1748 834 1818 πέποιθ’
860 1748 918 1836 ὅγε
940 1748 1119 1838 φηλήτησι.
1176 1771 1234 1820 375

218 1958 441 2047 Μουνογευής
465 1959 502 2028 δὲ
525 1958 615 2039 πάϊς
639 1957 733 2027 οἶκον
756 1958 924 2048 πατρώϊον
947 1967 998 2047 εἴη

219 2068 399 2155 φερβέμεν·
424 2062 468 2145 δός
489 2063 553 2154 γάρ
577 2068 720 2145 πλοῦτος
742 2063 869 2146 ἀέξεται
892 2067 928 2133 ἐν
952 2065 1139 2155 μεγάροισι.

219 2275 364 2366 Γηραιὸς
387 2276 425 2345 δέ
446 2276 550 2344 θάνοι
574 2278 688 2363 ἕτερον
710 2274 818 2343 παῖδ’
844 2278 1095 2361 ἐγκαταλείπων.

215 2485 302 2555 Ῥεϊα
325 2488 365 2553 δέ
383 2511 442 2552 κεν
465 2484 679 2553 πλεόνεσσι
701 2484 801 2572 πόροι
824 2484 908 2565 Ζεδς
930 2485 1074 2553 ἀσπετον
1098 2484 1216 2571 ὄλβον.

220 2703 355 2766 Πλείων
369 2697 431 2783 μὲν
445 2695 624 2765 πλεόνων
639 2700 770 2784 μελέτη,
785 2703 903 2783 μείζων
919 2693 950 2763 δ’
968 2694 1122 2781 ἐπιθήκη.
1174 2714 1226 2763 380

220 2909 286 2976 Σοί
310 2907 342 2974 δ’
368 2912 399 2975 εί
420 2906 567 2976 πλούτου
589 2904 700 2993 θυμὸς
723 2908 867 2975 ἐέλδεται
890 2908 927 2974 ἐν
950 2904 1071 2992 φρεσὶν
1094 2895 1190 2992 ήσιν,

220 3004 281 3080 ὧδ’
308 3015 436 3101 ἕρδειν,
458 3012 514 3078 καὶ
537 3016 637 3099 ἔργον
660 3011 711 3079 ἐπ’
737 3017 823 3101 ἐργῳ
846 3009 1051 3096 ἐργάζεσθαι.

308 3220 491 3306 Πληϊάδων
510 3218 731 3305 Ἀτλαγενέων
755 3218 1039 3304 ἐπιτελλομενάων

218 3323 357 3415 ἄρχεσθ’
383 3324 522 3413 ἀμήτου,
545 3324 681 3414 ἀρότοιο
705 3324 742 3393 δὲ
766 3321 993 3408 δυσομενάων.

221 3434 258 3497 αί
279 3429 309 3497 δ’
335 3428 409 3517 ήτοι
431 3430 554 3509 νύκτας
575 3456 611 3497 τε
633 3431 689 3497 καὶ
712 3428 820 3515 ήματα
842 3427 1091 3512 τεσσαράκοντα
1169 3446 1218 3495 385
