2517 4050
234 289 273 349 16
647 286 814 338 ΗΣΙΟΔΟΤ

233 426 319 489 ἔνθα
340 419 405 488 θεά
427 422 482 488 καὶ
505 435 575 500 τοῖς
597 425 833 507 παραγίγνεται
855 416 907 506 ηδ
932 418 1080 507 ὀνίνησι.
1102 461 1149 472 —-
1244 464 1245 473 2

232 525 370 611 νικήσας
393 525 431 594 δὲ
453 532 509 615 βίη
532 526 587 593 καὶ
609 525 723 611 κάρτεῖ
742 521 847 592 καλὸν
870 523 997 593 ἀεθλον

234 633 305 718 ῥεῖα
328 633 421 720 φέρει
445 638 571 719 χαίρων
593 657 639 716 τε,
661 633 793 698 τοκεῦσι
817 630 854 698 δὲ
876 634 979 710 κῦδος
1000 628 1121 714 ὀπάζει.

234 733 337 822 ἐσθλὴ
364 732 392 802 δ’
418 737 571 823 ἱππήεσσι
594 734 800 824 παρεστάμεν
824 730 874 816 οἷς
895 733 922 803 κ’
949 737 1094 824 ἐθέλῃσι,

233 841 379 919 καὶτοῖς
403 847 438 908 οἳ
457 840 605 928 γλαυκὴν
629 841 858 928 δυςπέμφελον
882 841 1089 927 ἐργάζονται·
1188 862 1238 910 440

234 943 387 1031 εύχοντιιι
411 942 439 1012 δ’
460 944 579 1034 Ἑκάτη
601 946 657 1013 καὶ
681 945 842 1036 ἐρικτύπῳ
857 951 1090 1037 Ἐννοσιγαίῳ.

234 1052 371 1136 ῥηϊδίως
394 1045 422 1118 δ’
447 1049 554 1139 ἀγρην
577 1049 685 1138 κνδνὴ
708 1049 789 1130 θεὸς
811 1050 921 1119 ῶπασε
942 1051 1081 1138 πολλήν,
1244 1110 1245 1131 ,

235 1157 306 1239 ῥεῖα
330 1153 358 1222 δ’
383 1153 534 1242 ἀφείλετο
559 1157 779 1242 φαινομένην,
802 1155 967 1224 ἐθέλουσά
989 1182 1027 1242 γε
1047 1161 1157 1250 θυμῷ.
1244 1134 1245 1181 δ

235 1261 339 1349 ἐσθλὴ
363 1260 391 1330 δ’
416 1265 453 1330 ἐν
477 1271 657 1349 σταθμοῖσι
680 1259 744 1328 σδν
762 1258 864 1349 Ἑρμῇ
888 1259 973 1348 ληΐδ’
997 1258 1118 1342 ἀέξειν·

234 1371 412 1452 βουκολικς
429 1391 447 1431 τ
445 1362 590 1451 ’ἀγέλας
607 1392 642 1434 τε
659 1368 769 1434 καὶί
733 1394 754 1433 α
756 1365 866 1433 ίπόλια
884 1364 996 1433 πλατέ’
1018 1371 1134 1454 αίγῶυ,
1191 1387 1239 1436 445

234 1477 377 1558 ποίμνας
399 1467 424 1538 τ’
450 1470 634 1557 εἰροπόκων
658 1470 752 1554 ὀΐων,
774 1473 873 1561 θυμῶ
897 1467 924 1557 γ’
951 1473 1125 1559 ἐθέλουσα,

14 1573 415 1706 “db-&hym
437 1575 557 1662 βριάει,
580 1575 636 1642 καὶ
659 1577 694 1641 ἐκ
716 1579 850 1642 πολλῶν
872 1580 929 1701 μεί
928 1602 989 1643 ονα
1011 1580 1127 1663 θῆκεν

237 1682 323 1751 οὕτω
346 1707 395 1750 τοι
420 1680 475 1746 καὶ
499 1679 708 1765 μουνογενὴς
730 1680 765 1745 ἐκ
787 1677 910 1766 μητρὸς
933 1681 1034 1748 ἐοῦσα

236 1792 316 1856 πάσι
339 1783 403 1873 μετ’
428 1782 628 1853 ἀθανάτοισι
651 1790 818 1871 τετίμηται
840 1783 1003 1870 γεράεσσι.

235 1896 320 1979 θηκε
339 1892 379 1958 δέ
386 1917 444 1974 μιν
455 1892 626 1976 Κρονιδης
635 1914 878 1976 κουροτρόφον,
894 1895 929 1957 οἱ
937 1916 995 1976 μετ
992 1887 1146 1978 ’ἐκείνην
1192 1911 1227 1960 45

238 1995 466 2084 ὀφθαλμοῖσιν
491 1996 606 2062 ίδοντο
629 1993 716 2081 φάος
738 1997 958 2081 πολυδερκέος
977 1992 1083 2076 Ἠοῦς.

237 2101 341 2180 οὕτως
364 2102 397 2180 ἐξ
420 2096 521 2189 ἀρχῆς
542 2099 784 2188 κουροτρόφος·
807 2103 880 2168 αἵδε
902 2126 938 2169 τε
959 2108 1073 2188 τιμαί]

327 2319 405 2378 Ρεῖα
424 2309 452 2378 δ’
471 2308 705 2397 ὑποδμηθεῖσα
724 2310 847 2399 Κρόνφ
869 2313 940 2377 τέκε
963 2314 1106 2395 φαίδιμα
1127 2313 1239 2399 τέκνα,

231 2414 366 2501 Ἱστίην,
390 2414 563 2503 Δήμητρα,
585 2415 641 2480 καὶ
656 2412 765 2499 Ἥρην
787 2415 1038 2498 χρυσοπέδιλον,

238 2520 382 2608 λ’φθιμόν
402 2518 428 2587 τ’
450 2517 576 2605 Ἀΐδην,
600 2515 638 2597 ὃς
659 2515 723 2585 ὑπὸ
747 2518 848 2603 χθονὶ
872 2518 1006 2604 δώματα
1028 2522 1116 2587 ναίει
1190 2539 1240 2590 455

236 2624 350 2712 νηλεὲς
372 2618 453 2711 ἦτορ
478 2629 572 2709 έχων,
595 2624 651 2690 καὶ
674 2624 850 2710 ἐρίκτυπον
870 2619 1114 2709 Ἐννοσίγαιον,
1243 2697 1244 2726 ρ

238 2732 331 2817 Ζῆνά
352 2756 388 2798 τε
409 2728 595 2817 μητιόεντα,
618 2732 711 2795 θεῶν
734 2724 842 2815 πατέρ’
867 2725 927 2814 ἠδέ
949 2729 1004 2796 καὶ
1028 2728 1176 2816 ἀνδρῶν,
1243 2735 1244 2818 λ

237 2839 297 2904 τοῦ
320 2835 375 2902 καὶ
398 2832 462 2902 ὑπὸ
486 2837 629 2920 βροντης
652 2838 852 2920 πελεμίζεται
876 2831 987 2920 εύρεῖα
1010 2835 1114 2920 χθῶν.
1226 2835 1244 2899 ,λ

237 2939 391 3019 καὶτοὺς
413 2937 474 3026 μὲν
497 2938 648 3005 κατέπινε
671 2936 805 3026 Κρόνος
827 2940 938 3026 μέγας,
961 2936 1047 3018 όςτις
1071 2941 1206 3020 ἕκαστος

238 3044 363 3132 νηδύος
387 3047 419 3125 ἐξ
444 3048 533 3132 ίερῆς
555 3041 678 3130 μητρὸς
699 3041 782 3129 πρὸς
803 3042 943 3129 γούναθ’
965 3047 1082 3129 ἵκοιτο,
1189 3063 1239 3111 450

237 3150 277 3217 τά
299 3150 464 3237 φρονέων,
487 3152 543 3215 ἳνα
566 3149 683 3235 μήτις
705 3145 841 3234 ἀγαυῶν
866 3144 1092 3234 Ούρανιῶνιον

240 3254 339 3333 ἀλλος
362 3256 398 3322 έν
421 3252 644 3321 ἀθανάτοισιν
667 3258 736 3339 ἐχοι
758 3256 937 3339 βασιληίδα
959 3253 1067 3340 τιμήν.

240 3360 382 3428 πεύθετο
405 3357 468 3445 γάρ
491 3362 595 3444 Γαίης
616 3384 651 3426 τε
673 3359 729 3425 καὶ
753 3354 910 3446 Οὐρανοῦ
933 3356 1153 3445 ἀστερόεντος,
1242 3415 1243 3444 ,

242 3464 363 3533 οὕνεκά
387 3469 422 3533 οί
441 3466 591 3552 πέπρωτο
616 3465 658 3538 ἐῶ
682 3460 746 3531 ὑπὸ
769 3464 863 3531 παιδὶ
887 3467 1041 3551 δαμῆναι,
