2517 4050
233 241 275 304 30
649 240 816 293 ωῑΙοΔον

233 374 397 461 ἀσβέστου
419 377 573 443 κελάδοιο
596 377 652 443 καὶ
675 379 773 461 αἰνῆς
795 379 991 461 δηϊοτῆτος]

235 480 318 560 Ζεὺς
330 479 376 566 δ’,
392 481 460 549 ἐπεὶ
480 472 543 547 οὖν
556 479 728 567 κόρθυνεν
743 478 801 548 ἑὸν
815 481 931 566 μένος,
947 484 1051 548 είλετο
1067 477 1098 546 δ’
1116 478 1210 566 ὅπλα,

233 586 380 675 βροντήν
403 613 438 655 τε
461 585 625 672 στεροπήν
648 611 684 653 τε
705 585 761 652 καί
783 584 987 654 αἰθαλόεντα
1009 586 1193 674 κεραυνόν,

233 696 354 780 πλήξεν
373 690 426 760 ἀπ’
448 690 642 778 Οὐλύμποιο
662 691 858 778 ἐπάλμενος·
881 689 967 778 άμφί
987 691 1025 759 δέ
1042 689 1154 770 πάσας
1188 698 1238 758 εῖν

234 805 350 884 ἔπρεσε
371 802 550 876 θεσπεσίας
571 795 717 883 κεφαλάς
739 800 865 864 δεινοῖο
889 795 1052 884 πελώρου.

234 904 338 992 αὐτὰρ
362 903 431 972 έπεί
454 902 495 988 δή
519 929 578 988 μιν
601 901 729 989 δάμασε
751 905 917 989 πληγῇσιν
941 901 1094 990 ίμάσσας,

232 1010 330 1097 ἤριπε
352 1014 520 1094 γυιωθείς,
544 1007 710 1094 στενάχιζε
734 1006 772 1074 δέ
794 1021 872 1092 γαῖα
895 1007 1040 1096 πελώρη·

234 1113 318 1201 φλὸξ
341 1113 379 1182 δὲ
400 1113 675 1200 κεραυνωθέντος
697 1110 862 1180 άπέσσντο
885 1125 957 1180 τοῖο
981 1111 1127 1194 άνακτος

234 1219 351 1308 οὔρεος
373 1221 410 1286 έν
433 1218 597 1306 βήσσῃσιν
618 1215 748 1302 Ἀἴτνης
769 1218 1024 1306 παιπαλοέσσης,
1189 1239 1234 1288 εει

234 1326 427 1411 πληγέντος·
450 1322 555 1410 πολλή
579 1323 617 1391 δέ
640 1321 771 1410 πελώρη
793 1327 903 1391 καίετο
926 1336 1006 1407 γαῖα

233 1430 318 1520 άτμῇ
341 1435 501 1517 θεσπεσίη
524 1428 579 1496 καί
602 1427 745 1513 ἐτήκετο,
767 1433 961 1517 κασσίτερος
983 1425 1029 1508 ώς

234 1538 331 1623 τέχνη
353 1531 407 1602 ὕπ’
432 1538 554 1620 αἰζηών
576 1531 643 1602 ὑπό
665 1531 691 1601 τ’
718 1531 879 1621 εὐτρήτου
902 1533 1040 1619 χοάνοιο

233 1646 413 1727 θαλφθείς,
435 1639 475 1726 ήέ
497 1643 649 1726 σίδηρος,
674 1637 754 1727 ὅπερ
776 1638 1022 1727 κρατερώτατός
1045 1642 1153 1728 ἐστιν,

235 1745 351 1832 οὔρεος
373 1748 410 1813 έν
433 1743 576 1832 βήσσησι
600 1744 828 1832 δαμαζόμενος
849 1746 930 1833 πυρί
952 1746 1059 1834 κηλέφ
1190 1766 1234 1815 865

234 1850 378 1938 [τήκεται
400 1852 437 1918 έν
461 1851 562 1936 χθονὶ
587 1853 642 1938 δίη
665 1848 721 1937 ὑφ’
741 1848 928 1937 Ἡφαίστου
951 1850 1167 1939 παλάμησιν]

235 1955 279 2038 ώς
301 1955 366 2046 άρα
389 1955 503 2043 τήκετο
527 1969 605 2043 γαῖα
629 1959 709 2047 σέλα
731 1955 837 2044 πυρὸς
859 1958 1067 2043 αἰθομένοιο.

236 2068 326 2152 [ῥῖψε
350 2066 390 2131 δέ
409 2090 469 2152 μιν
491 2066 591 2155 θυμῷ
615 2061 748 2149 άκαχών
772 2064 805 2141 ές
831 2061 1004 2149 Τάρταρον
1028 2060 1157 2151 εὐρύν]

320 2167 373 2236 Ἐκ
389 2167 426 2236 δὲ
443 2169 600 2254 Τυφωέος
614 2166 676 2235 ἔστ’
696 2165 831 2254 άνέμων
845 2168 946 2253 μένος
959 2164 1067 2256 ὑγρόν
1081 2166 1222 2256 άέντων,
1246 2211 1247 2242 ι

233 2274 336 2362 νόσφι
359 2273 475 2342 Νότου
498 2274 613 2359 Βορέω
635 2297 681 2357 τε,
703 2273 759 2340 καὶ
781 2270 947 2361 άργέστεω
971 2272 1153 2361 Ζεφάροιο·
1192 2295 1238 2344 870

235 2385 326 2467 οἵγε
348 2379 409 2466 μὲν
433 2381 468 2447 έκ
490 2377 616 2463 θεόφιν
640 2377 748 2463 γενεή,
771 2387 913 2465 θνητοῖς
935 2376 1002 2466 μέγ’
1029 2378 1154 2469 όνειαρ.

235 2489 269 2554 ολ
290 2482 319 2552 δ’
345 2483 441 2551 άλλοι
464 2486 637 2570 μαψαῦραι
661 2484 866 2551 ἐπιπνείουσι
889 2483 1081 2553 θάλασσαν·

234 2597 271 2657 αῖ
292 2589 334 2678 δή
356 2614 408 2657 τοι
431 2593 608 2655 πίπτουσαι
632 2589 666 2666 ές
687 2585 859 2676 ἠεροειδέα
882 2588 1020 2675 πόντον,

233 2699 324 2782 πῆμα
346 2696 429 2780 μέγα
451 2702 618 2780 θνητοῖσι,
642 2698 725 2782 κακῇ
747 2693 897 2762 θύουσιν
921 2692 1036 2783 άέλλη·

233 2800 350 2869 άλλοτε
374 2798 406 2867 δ’
431 2798 515 2888 άλλη
538 2798 636 2885 άεισι,
660 2802 875 2868 διασκιδνᾶσί
895 2827 930 2869 τε
952 2805 1046 2886 νήας,
1188 2821 1238 2871 876

232 2904 356 2984 ναύτας
377 2932 412 2974 τε
435 2911 631 2991 φθείρουσι·
653 2908 758 2971 κακοῦ
782 2902 813 2971 δ’
839 2903 880 2974 οὐ
904 2911 1052 2992 γίγνεται
1075 2902 1161 2993 άλκὴ

232 3009 415 3095 ἀνδράσιν,
440 3016 476 3078 οἳ
494 3015 624 3097 κείνησι
647 3008 879 3079 συνάντωνται
901 3009 983 3079 κατά
1005 3009 1146 3078 πόντον·

233 3118 270 3181 αἰ
291 3113 322 3182 δ’
348 3107 392 3181 αὖ
414 3117 470 3183 καί
493 3114 575 3182 κατὰ
598 3128 698 3200 γαῖαν
722 3113 907 3204 άπείριτον,
930 3113 1182 3206 ἀνθεμόεσσαν,

234 3216 304 3305 ἔργ’
331 3219 429 3301 έρατά
453 3225 634 3307 φθείρουσι
657 3223 884 3307 χαμαιγενέων
907 3218 1113 3309 ἀνθρώπων,

232 3328 433 3410 πιμπλεῦσαι
455 3324 570 3404 κόνιός
591 3351 626 3393 τε
649 3327 703 3393 καὶ
726 3324 892 3412 άργαλέου
913 3331 1130 3414 κολοσυρτοῦ.
1187 3346 1239 3396 880
