2517 4050
165 246 204 308 78
580 245 746 296 ΗΣΙΟΔΟΤ

164 378 364 466 μαχλόταται
388 377 426 446 δέ
448 393 617 465 γυναῖκες,
641 376 868 466 ἀφαυρότατοι
893 380 932 446 δέ
951 403 986 446 τε
1008 376 1134 466 ἀνδρες

164 490 265 570 εἰσίν,
289 487 358 553 ἐπεὶ
380 483 529 571 κεφαλήν
551 484 607 552 καὶ
629 483 777 569 γούνατα
800 489 935 571 Σείριος
957 479 1040 568 άξει,

163 589 303 670 αὐαλέος
327 592 367 658 δέ
386 616 421 658 τε
443 588 529 676 χρὼς
551 585 615 656 ὑπὸ
639 587 818 673 καύματος·
842 586 925 656 ἀλλά
947 585 1015 655 τότ’
1040 588 1106 674 ήδη

163 703 214 781 είη
237 700 373 781 πετραίη
396 721 431 762 τε
455 692 529 780 σκιή
553 695 608 761 καὶ
630 699 782 780 βίβλινος
805 691 911 778 οἶνος,

165 801 249 887 μάζά
271 797 300 868 τ’
326 797 504 886 ἀμολγαίη,
526 797 611 883 γάλα
633 796 659 866 τ’
684 802 790 884 αίγῶν
814 797 1089 886 σβεννυμενάων,
1115 818 1173 868 690

164 907 220 972 καὶ
243 903 322 990 βοὸς
344 901 532 990 ὑλοφάγοιο
554 906 653 990 κρέας
675 903 771 990 μήπω
794 909 979 993 τετοκυίης,

162 1007 387 1097 πρωτογόνων
406 1005 435 1075 τ’
457 1010 597 1094 ἐρίφων·
621 1009 673 1076 ἐπὶ
693 1007 724 1075 δ’
746 1018 872 1076 αἴθοπα
895 1012 1032 1097 πινέμεν
1053 1007 1163 1094 οἶνον,

164 1117 201 1183 ἐν
225 1118 300 1202 σκιή
324 1112 499 1200 ἑζόμενον,
521 1115 747 1200 κεκορημένον
770 1107 851 1201 ἦτορ
874 1118 1017 1202 ἐδωδῆς,

164 1218 280 1287 ἀντίον
298 1217 438 1306 ἀκραέος
461 1219 618 1305 Ζεφύρου
641 1220 808 1305 τρέψαντα
830 1218 1023 1307 πρόςωπον,

163 1324 287 1412 κρήνης
309 1322 339 1392 τ’
364 1322 490 1391 ἀενάου
511 1324 566 1391 καὶ
589 1321 797 1410 ἀπορρύτου,
819 1322 871 1410 ἥτ’
897 1323 1079 1403 ἀθόλωτος.
1116 1342 1170 1392 595

165 1433 236 1518 τρὶς
257 1428 380 1508 ὕδατος
404 1431 574 1516 προχέειν,
597 1427 634 1495 τδ
660 1427 697 1495 δὲ
719 1430 875 1515 τέτρατον
899 1433 990 1517 ίέμεν
1014 1437 1122 1499 οίνου.

254 1639 373 1725 Δμωσὶ
397 1635 427 1703 δ’
454 1635 650 1722 ἐποτρύνειν
675 1636 870 1726 Δημήτερος
893 1636 985 1727 ίερδν
1009 1635 1113 1724 ἀκτήν

165 1747 315 1832 δινέμεν,
339 1735 406 1811 εὖτ’
431 1737 475 1809 ἀν
497 1745 610 1827 πρῶτα
633 1747 726 1830 φανή
749 1746 873 1824 σθένος
891 1743 1088 1832 Ὠαρίωνος,

163 1850 259 1940 χώρῳ
284 1852 320 1917 ἐν
344 1847 437 1915 εὐαέι·
456 1847 511 1914 καὶ
535 1847 724 1937 ἐύτροχάλφ
748 1849 785 1915 ἐν
808 1847 908 1938 ἀλωή.

163 1957 270 2046 μέτρῳ
286 1952 317 2020 δ’
330 1945 368 2021 εὖ
381 1958 586 2040 κομίσασθαι
600 1954 639 2019 ἐν
653 1951 806 2039 άγγεσιν·
825 1951 930 2041 αύτάρ
950 1952 1031 2040 ἐπήν
1046 1952 1088 2042 δή
1113 1974 1169 2023 600

162 2062 269 2128 πάντα
292 2065 369 2146 βίον
392 2058 559 2144 κατάθηαι
583 2056 770 2143 ἐπάρμενον
794 2060 914 2126 ἐνδοθι
938 2067 1050 2147 οίκου,

164 2164 265 2251 [θήτά
288 2162 318 2232 τ’
343 2163 461 2231 ἀοικον
483 2171 672 2246 ποιεῖσθαι,
694 2162 750 2229 καλ
772 2160 913 2230 ἄτεκνον
937 2168 1055 2250 ἔριθον

164 2273 313 2350 δίζεσθαι
335 2271 485 2353 κέλομαι·
507 2264 631 2352 χαλεπή
656 2264 687 2331 δ’
713 2264 894 2354 ὑπόπορτις
917 2272 1045 2355 ἔριθος·

163 2375 218 2441 καὶ
240 2372 327 2440 κύνα
349 2370 601 2457 καρχαρόδοντα
623 2385 753 2456 κομεῖν·
776 2369 820 2457 μή
844 2376 959 2458 φείδεο
983 2378 1091 2440 σίτου·

162 2478 207 2566 μή
226 2480 307 2546 ποτέ
315 2474 346 2544 σ’
358 2474 573 2562 ἡμερόκοιτος
591 2472 678 2560 ἀνήρ
697 2472 761 2542 ἀπδ
780 2473 927 2562 χρήμαθ’
955 2478 1086 2563 ἕληται]
1115 2496 1170 2545 605

163 2581 286 2669 χόρτον
310 2578 341 2646 δ’
367 2582 535 2665 ἐςκομίσαι
557 2580 613 2646 καὶ
637 2578 819 2666 συρφετόν,
842 2578 932 2666 όφρα
953 2606 1006 2648 τοι
1029 2588 1079 2667 είη

162 2686 261 2773 βουσὶ
282 2686 338 2753 καὶ
359 2684 553 2771 ἡμιόνοισιν
577 2684 768 2769 ἐπηετανόν.
813 2683 918 2773 αύτάρ
942 2692 1052 2754 ἔπειτα

164 2795 277 2878 δμῶας
300 2788 467 2871 ἀναψῦξαι
487 2795 569 2876 φίλα
591 2788 740 2874 γούνατα
762 2790 817 2857 καὶ
839 2789 899 2876 βόε
921 2795 1031 2859 λύσαι.

251 2992 334 3067 Εύτ’
360 2996 403 3068 ἀν
427 2996 458 3067 δ’
481 2997 626 3086 Ὠαρίων
648 3000 704 3067 καὶ
727 3005 861 3086 Σείριος
884 3002 917 3079 ἐς
939 3002 1042 3085 μέσον
1066 3006 1152 3089 ἔλθη

166 3101 325 3192 οὐρανόν,
345 3102 547 3192 Ἀρκτούρου
568 3104 606 3171 δὲ
629 3107 684 3191 ίδη
708 3104 955 3192 ῥοδοδάκτυλος
974 3102 1069 3189 Ἠώς,
1116 3126 1171 3174 610

163 3202 188 3277 ἀ
212 3212 343 3297 Πέρση,
365 3209 438 3278 τότε
461 3208 586 3287 πάντας
609 3205 775 3295 ἀπόδρεπε
799 3214 913 3276 οἶκαδε
935 3210 1065 3296 βότρυς.

163 3318 267 3395 δείξαι
291 3312 323 3382 δ’
348 3312 449 3406 ήελίω
473 3316 552 3383 δέκα
573 3311 602 3381 τ’
628 3312 736 3400 ήματα
758 3316 814 3381 καὶ
838 3315 917 3381 δέκα
939 3314 1075 3393 νύκτας·

162 3421 259 3486 πέντε
283 3418 320 3486 δὲ
343 3417 534 3504 συσκιάσαι,
559 3420 640 3508 ἕκτῳ
664 3415 696 3485 δ’
722 3422 770 3496 είς
791 3414 883 3503 άγγέ
909 3415 1057 3503 ἀφύσσαι
