2517 4050
997 248 1038 302 [x

23 394 235 479 νενικηκέναι
246 393 350 478 φασὶν
361 391 413 458 ἐπὶ
422 394 461 479 τή
469 395 603 478 τελευτῇ
616 388 883 477 Ἀμφιδάμαντος
892 394 938 469 είς
949 397 1036 458 Λελ-

20 496 114 584 φούς
137 497 320 583 ἐπορεύθη,
343 498 398 564 καὶ
422 495 528 582 ἐδόθη
552 493 643 587 αύτῷ
667 493 782 563 ούτοσὶ
805 492 823 562 δ
848 495 1007 582 χρησμός·

71 602 187 689 ὄλβιος
210 595 307 682 οὗτος
330 600 416 688 ἀνήρ
440 598 477 681 ὃς
499 601 580 688 ἐμὸν
604 600 711 688 δόμον
734 599 972 688 ἀμφιπολεύει,

65 705 236 794 Ἡσίοδος,
259 706 419 796 Μούσῃσι
440 709 608 794 τετιμένος
630 706 833 795 ἀθανάτῃσι·

73 819 132 882 τοῦ
157 814 198 900 δή
220 841 273 883 τοι
295 815 389 893 κλέος
413 819 503 882 ἐσται
527 811 610 881 ὅσον
633 811 661 881 τ’
688 815 893 882 ἐπικίδναται
914 810 1009 893 Ἠώς.

70 918 156 987 ἀλλά
179 919 264 999 Διὸς
285 919 453 1005 πεφύλαξο
478 925 627 1006 Νεμείου
648 919 811 1006 κάλλιμον
835 918 948 998 ἀλσος·

70 1037 123 1093 κεῖ
144 1026 208 1114 γάρ
231 1053 283 1094 τοι
305 1025 470 1093 θανάτοιο
492 1026 586 1104 τέλος
607 1026 824 1111 πεπρωμένου
847 1028 946 1092 ἐστίν.

26 1129 44 1198 ὁ
71 1130 108 1199 δὲ
131 1130 194 1217 τήν
223 1133 260 1198 έν
287 1131 535 1221 Πελοποννήσῳ
560 1132 694 1218 Νεμέαν
725 1129 843 1217 φυγὼν
866 1134 904 1199 ἐν
927 1129 1036 1219 Οἰνόη

24 1242 83 1323 τής
107 1240 272 1322 Λοκρίδος
295 1234 359 1305 ὑπὸ
381 1235 612 1323 ’Λμφιφάνους
639 1238 694 1303 καὶ
717 1237 942 1324 Γανύκτορος,
964 1241 1035 1306 τῶν

28 1343 166 1428 Φηγέως
187 1347 331 1428 παίδων,
360 1341 543 1429 ἀναιρεῖται
566 1343 621 1410 καὶ
645 1345 791 1429 ῥίπτεται
817 1347 864 1422 είς
886 1342 946 1428 τήν
970 1343 1036 1411 θά-

26 1456 174 1533 λασσαν,
198 1445 242 1527 ὡς
265 1451 409 1534 φθείρας
431 1448 492 1534 τήν
516 1445 667 1536 ἀδελφήν
690 1451 828 1516 ἐκείνων
850 1450 1036 1535 Κτιμένην,

26 1556 60 1634 ἐξ
94 1545 134 1640 ής
165 1553 331 1639 ἐγεννήθη
366 1559 584 1641 Στησίχορος·
618 1557 763 1622 ἐκαλεῖτο
799 1553 837 1622 δὲ
869 1552 890 1639 ή
926 1554 1036 1641 Οίνόη

27 1657 112 1739 Διὸς
140 1666 287 1746 Νεμείου
321 1658 421 1746 ίερόν.
467 1661 547 1746 μετὰ
585 1659 624 1728 δὲ
660 1666 775 1746 τρίτην
806 1657 934 1746 ἡμέραν
964 1657 1033 1728 ύπδ

28 1768 197 1851 δελφίνων
219 1765 302 1850 πρὸς
328 1764 387 1833 τὸν
411 1766 565 1850 αίγιαλδυ
589 1766 712 1853 ἐξήχθη
735 1767 772 1834 τὸ
797 1770 890 1852 σῶμα
913 1767 1036 1853 μεταξὺ

26 1876 192 1958 Λοκρίδος
220 1873 275 1938 καὶ
303 1869 459 1956 Εὐβοίας,
483 1872 538 1938 καὶ
562 1877 696 1952 ἔθαψαν
719 1870 823 1940 αύτὸυ
847 1874 973 1958 Λοκροὶ
995 1876 1035 1940 ἐν

26 1979 140 2066 Νεμέμ
162 1980 220 2063 τής
244 1976 374 2063 Οἰνόης.
420 1979 455 2044 οί
476 1976 512 2045 δὲ
531 1992 647 2064 φονεῖς
669 1976 773 2047 αὐτοῦ
796 1981 877 2066 νηὸς
900 1977 1034 2064 ἐπιβάν-

25 2109 77 2162 τες
92 2084 271 2169 ἐπειρῶντο
286 2097 418 2169 φνγείν,
437 2087 572 2169 χειμῶνι
589 2083 626 2150 δέ
641 2084 884 2170 διεφθάρησαν.
926 2082 1035 2171 Ὀρχο-

26 2190 135 2273 μένιοι
150 2187 188 2254 δὲ
201 2185 341 2273 ὕστερον
355 2187 437 2255 κατά
451 2187 600 2274 χρησμὸν
616 2187 806 2272 ἐνεγκόντες
818 2191 858 2255 τὰ
871 2186 1036 2258 Ἡσιόδου

27 2292 107 2360 ὀστᾶ
126 2292 316 2360 θάπτουσιν
331 2296 367 2361 ἐν
386 2297 468 2381 μέση
488 2297 527 2381 τή
542 2292 648 2382 ἀγορᾷ
662 2295 717 2362 καὶ
732 2279 927 2381 ἐπέγραψαν
940 2295 1034 2363 τάδε·

60 2397 185 2485 ’Ἀσκρη
210 2397 271 2485 μέν
293 2400 410 2487 πατρὶς
433 2398 627 2485 πολυλήϊος,
651 2398 735 2468 ἀλλά
758 2400 927 2481 θανόντος

160 2505 257 2572 ὀστέα
280 2509 473 2591 πληξίππων
497 2510 538 2591 γή
563 2511 709 2573 Μινυῶν
731 2507 858 2593 κατέχει

64 2608 243 2696 Ἡσιόδου,
266 2616 326 2679 τού
349 2620 505 2680 πλεῖστον
530 2613 565 2678 έν
589 2609 783 2699 ἀνθρώποις
806 2614 900 2693 κλέος
922 2616 1025 2700 ἐστίν,

158 2713 294 2804 ἀνδρῶν
317 2719 525 2804 κρινομένων
549 2698 586 2785 ἐύ
609 2718 770 2802 βασάνοις
792 2723 921 2803 σοφίης.

30 2822 188 2909 ἐπέγραψε
213 2822 249 2889 δὲ
272 2811 327 2889 καὶ
351 2827 533 2909 Πίνδαρος·

44 2916 53 2935 ’
71 2941 162 3014 χαῖρε
187 2928 237 3006 δὶς
260 2925 387 3013 ήβήσας
408 2928 463 2995 καὶ
482 2929 534 3007 δὶς
556 2928 667 3014 τάφου
689 2922 925 3014 ἀντιβολήσας,

154 3029 297 3118 Ἡσίοδ’,
319 3031 514 3119 ἀνθρώποις
536 3035 657 3120 μέτρον
681 3040 765 3121 έχων
789 3039 919 3120 σοφίης.

219 3234 226 3271 ι
325 3290 328 3299 ι
