2517 4050
249 291 290 356 68
663 294 830 345 ΗΣΙΟΔΟΤ

249 431 281 493 εί
300 425 363 514 γάρ
386 454 436 507 τις
456 428 512 495 καὶ
534 428 627 516 χερσὶ
649 432 706 515 βίῃ
729 429 834 513 μέγαν
858 425 982 512 ὄλβον
1005 428 1138 512 ἕληται,
1252 468 1253 513 3

248 526 269 617 ῆ
293 528 341 617 ὄχ’
368 530 432 599 ἀπὸ
455 531 607 618 γλώσσης
629 538 809 618 ληίσσεται,
833 526 887 599 οἷά
910 556 945 598 τε
967 529 1075 598 πολλὰ

248 640 406 721 γίγνεται,
430 629 492 705 εὖτ’
518 634 561 704 ἀν
585 635 627 722 δὴ
651 639 770 724 κέρδος
792 635 876 704 νόον
899 635 1084 723 ἐξαπατήσῃ

249 737 451 828 ἀνθρώπων,
477 744 576 809 αίδῶ
600 744 640 810 δέ
660 740 685 810 τ’
712 740 864 827 ἀναιδείη
886 738 1067 827 κατοπάζῃ·

249 847 321 930 ὁεῖα
345 847 384 911 δέ
404 873 462 931 μιν
485 850 652 933 μαυροῦσι
674 851 767 931 θεοί,
790 845 976 932 μινύθουσι
999 843 1037 911 δέ
1061 842 1164 912 οἷκον
1218 862 1255 914 35!

250 947 345 1037 ἀνέρι
367 954 428 1041 τῷ,
452 955 582 1039 παῦρον
607 953 647 1018 δέ
666 949 696 1017 τ’
722 952 775 1018 ἐπὶ
797 950 924 1038 χρόνον
947 949 1046 1034 ὄλβος
1069 947 1211 1035 ὀπηδεῖ.
1254 1016 1256 1031 ,

331 1116 421 1192 Ἰσον
440 1124 472 1192 δ’
494 1124 532 1204 ός
548 1122 585 1192 θ’
608 1127 718 1210 ίκέτην
738 1122 775 1204 ὄς
792 1151 827 1192 τε
846 1126 957 1205 ξεῖνον
974 1121 1080 1191 κακὸν
1099 1127 1218 1212 ἔρξῃ,
1254 1098 1255 1139 ’

249 1227 287 1308 ὄς
307 1255 342 1297 τε
363 1230 577 1316 κασιγνήτοιο
602 1231 660 1296 ἑοῦ
683 1227 748 1296 ἀυά
773 1232 892 1315 δέμνια
913 1235 1014 1316 βαίνῃ

250 1339 465 1424 [κρυπταδίης
487 1333 587 1420 εὐνῆς
609 1331 749 1420 ἀλόχου,
772 1341 973 1424 παρακαίρια
996 1337 1130 1421 ρέζων,]
1255 1348 1257 1363 ¹

249 1437 286 1517 ὄς
306 1465 341 1506 τε
364 1437 409 1506 δι’
434 1437 600 1527 ἀφραδίῃς
623 1436 826 1506 ἀλιταίνεται
848 1436 982 1526 όρφανά
1000 1440 1111 1523 τέκνα,
1212 1428 1257 1509 33ί

249 1541 286 1622 ὄς
307 1569 342 1611 τε
364 1549 472 1630 γονῆα
494 1547 637 1631 γέροντα
658 1548 747 1635 κακῷ
771 1545 823 1612 ἐπὶ
845 1544 969 1630 γήραος
992 1543 1084 1634 οὐδῷ

248 1653 371 1734 νεικείῃ
394 1653 564 1734 χαλεποῖσι
586 1647 841 1734 καθαπτόμενος
864 1650 1026 1716 ἐπέεσσιν·
1256 1714 1257 1719 ,

248 1756 292 1842 τῷ
317 1749 349 1818 δ’
374 1749 448 1838 ῆτοι
470 1749 555 1831 Ζεὺς
578 1751 679 1832 αὐτὸς
700 1752 865 1837 ἀγαίεται,
889 1755 922 1832 ἐς
945 1751 982 1820 δέ
1004 1753 1165 1840 τελευτὴν

249 1862 355 1943 ἔργων
379 1854 452 1923 ἀντ’
479 1855 606 1924 ἀδίκων
628 1856 775 1944 χαλεπῆν
799 1860 960 1943 ἐπέθηκεν
983 1855 1142 1944 ἀμοιβήν.
1256 1850 1257 1863 ’

248 1959 331 2029 ἀλλά
350 1958 392 2030 σὺ
409 1965 476 2030 τῶν
495 1961 556 2049 μὲν
574 1961 711 2049 πάμπαν
731 1961 817 2048 ἔεργ’
839 1962 1025 2050 ἀεσίφρονα
1041 1963 1170 2051 θυμόν.
1209 1983 1258 2058 33·

1257 2067 1258 2108 ι

247 2172 324 2242 Κάδ
347 2173 491 2259 δύναμιν
515 2173 546 2241 δ’
572 2177 704 2261 ἔρδειν
728 2173 789 2260 ἱέρ’
814 2174 1017 2242 ἀθανάτοισι
1037 2182 1174 2241 θεοῖσιν

247 2277 357 2364 ἁγνῶς
378 2280 434 2347 καὶ
451 2282 619 2364 καθαρῶς,
642 2279 694 2346 ἐπὶ
718 2277 750 2345 δ’
776 2277 885 2364 ἀγλαά
907 2285 1009 2368 μηρία
1031 2282 1156 2344 καίειν·

247 2382 363 2451 ἀλλοτε
387 2382 428 2469 δῆ
452 2386 599 2471 σπονδῆς
621 2386 763 2451 θυέεσσί
782 2410 817 2451 τε
840 2384 1053 2468 ίλάσκεσθαι,

246 2487 330 2576 ἠμὲν
354 2487 402 2556 ὄπ’
428 2486 554 2576 εάνάζῃ,
571 2489 625 2556 καὶ
650 2486 699 2556 ὅτ’
725 2485 768 2556 ἀν
792 2488 879 2575 φάος
901 2487 993 2577 ίερὸν
1017 2494 1119 2575 ἔλθῃ·

247 2592 291 2673 ἀς
311 2596 351 2661 κέ
370 2618 423 2661 τοι
445 2596 542 2660 ’ίλαον
564 2597 707 2679 κραδίην
730 2595 786 2661 καὶ
808 2592 922 2681 θυμόν
947 2600 1080 2680 ἔχωσιν·
1203 2611 1240 2658 34

247 2696 325 2785 ὄφρ’
351 2696 462 2766 ἀλλων
487 2697 556 2787 ἀνῇ
578 2703 722 2787 κλῆρον,
744 2698 788 2785 μῆ
811 2697 871 2767 τόν
893 2697 970 2767 τεόν
993 2697 1102 2777 ἀλλος.

254 2872 329 2941 Τόν
343 2871 517 2960 φιλέοντ’
535 2874 587 2941 ἐπὶ
601 2877 699 2942 δαῖτα
711 2881 836 2958 καλεῖν,
850 2872 909 2941 τὸν
924 2872 955 2941 δ’
973 2869 1098 2961 ἐχθρὸν
1114 2874 1230 2940 ἐᾶσαι·

245 2975 305 3046 τόν
330 2978 367 3046 δὲ
389 2976 530 3064 μάλιστα
552 2985 681 3063 καλεῖν,
704 2976 790 3058 ὄςτις
813 2981 914 3047 σέθεν
938 2977 1058 3063 ἐγγύθι
1081 2982 1190 3062 ναίει,

247 3087 278 3150 εί
298 3081 363 3167 γάρ
385 3108 437 3150 τοι
459 3083 515 3150 καὶ
537 3079 635 3170 χρῆμ’
661 3082 824 3169 ἐγκώμιον
847 3081 929 3152 ἀλλο
952 3086 1101 3167 γένοιτο,

246 3190 423 3273 γείτονες
446 3186 585 3267 ἀζωστοι
609 3191 715 3272 έκιον,
740 3186 884 3268 ζώσαντο
909 3186 946 3254 δὲ
967 3192 1056 3273 πηοί.
1202 3201 1256 3251 ³45

247 3400 349 3481 Πῆμα
369 3393 470 3475 κακός
491 3400 634 3482 γείτων
658 3394 791 3464 ὄσσοντ’
816 3392 947 3481 ἀγαθὸς
968 3392 1041 3479 μέγ’
1067 3391 1196 3477 ὄνειαρ.
