2517 4050
370 265 483 316 ΑΣΠΙΣ
502 265 740 317 ΗΡΔΚΔΕΟΤΣ.
1002 266 1040 326 41

26 397 146 466 οὐκέθ’
172 396 239 484 ὁμά
262 399 458 487 φρονέοντε·
480 398 669 486 κασιγνήτω
691 424 729 491 γε
752 398 814 485 μὲν
837 398 955 486 ἤστην·
1008 418 1043 466 50

25 502 91 570 τὸν
119 502 180 590 μὲν
204 502 406 590 χειρότερον,
429 502 490 572 τὸν
513 503 545 570 δ’
572 497 615 571 αὖ
639 502 706 590 μέγ’
732 500 895 590 ἀμείνονα
917 508 1023 592 φῶτα,

26 608 150 676 δεινόν
173 634 209 676 τε
231 606 393 695 κρατερόν
415 634 459 694 τε,
482 613 561 693 βίην
579 606 808 696 Ἡρακληείην.

28 710 109 795 [τὸν
132 711 195 799 μὲν
217 711 452 798 ὑποδμηθεῖσα
474 715 665 800 κελαινεφέϊ
686 720 870 800 Κρονίωνι,

26 816 139 903 αὐτὰρ
160 815 312 904 Ἰφικλῆα
336 817 513 907 δορυσσόῳ
534 815 769 906 Ἀμφιτρύωνι,

25 925 233 1011 κεκριμένην
257 923 391 1009 γενεήν·
413 921 474 991 τὸν
497 921 558 1008 μὲν
581 928 690 1014 βροτῷ
714 923 814 1013 ἀνδρὶ
837 939 980 1010 μιγεῖσα,
1008 943 1051 1000 σε,

25 1027 92 1095 τὸν
117 1027 155 1096 δὲ
179 1029 239 1094 Διὶ
263 1034 449 1115 Κρονίωνι,
471 1033 564 1096 θεῶν
587 1028 775 1117 σημάντορι
796 1030 954 1113 πάντων]

113 1234 174 1317 ’Ὁς
195 1238 252 1305 καὶ
270 1237 410 1305 Κύκνον
434 1244 589 1325 ἔπεφνεν,
609 1237 809 1325 Ἀρητιάδην
832 1217 1043 1326 μεγάθυμον.

27 1334 111 1430 εὗρε
134 1341 197 1432 γάρ
222 1344 259 1410 έν
282 1343 409 1429 τεμένει
434 1343 638 1430 ἑκατηβόλου
658 1342 866 1423 ’Λπόλλωνος

27 1446 138 1516 αὐτὸν
164 1449 220 1515 καὶ
242 1452 366 1536 πατέρα
390 1446 441 1533 όν,
455 1447 572 1534 Ἀρην,
596 1441 679 1516 άτον
701 1450 870 1536 πολέμοιο,

26 1552 161 1640 τεύχεσι
184 1553 418 1639 λαμπομένους
441 1553 538 1632 σέλας
561 1549 606 1632 ῶς
628 1550 735 1639 πυρός
757 1553 970 1639 αἰθομένοιο,
1008 1573 1044 1620 σο

29 1655 157 1727 ἑσταότ’
183 1660 221 1726 έν
245 1661 369 1747 δίφρφ·
392 1657 503 1744 χθόνα
526 1656 558 1724 δ’
584 1663 726 1726 ἔκτυπον
750 1657 847 1738 ῶκέες
869 1662 964 1726 ἵπποι

28 1764 216 1842 νύσσοντες
237 1766 367 1850 χηλῇσι,
390 1761 485 1841 κόνις
508 1763 548 1830 δέ
568 1761 621 1849 σφ’
648 1761 847 1851 ἀμφιδεδήει

28 1869 220 1954 κοπτομένη
244 1859 435 1934 πλεκτοῖσιν
457 1865 512 1952 ὑφ’
538 1865 663 1953 ἀρμασι
684 1869 739 1934 καὶ
763 1869 863 1936 ποσὶν
886 1871 1006 1936 ἵππων.

28 1970 162 2060 ἀρματα
186 1969 218 2039 δ’
245 1968 403 2057 εὐποίητα
424 1971 480 2039 καλ
503 1969 643 2058 άντυγες
666 1971 907 2061 ἀμφαράβιζον,

29 2081 143 2145 ἵππων
168 2076 324 2163 ἱεμένων·
348 2076 509 2164 κεχάρητο
534 2076 571 2143 δὲ
593 2076 729 2155 Κύκνος
751 2075 903 2162 ἀμύμων,
1007 2096 1043 2145 65

29 2181 215 2268 ἐλπόμενος
238 2182 324 2261 Διὸς
346 2180 423 2248 υίὸν
446 2179 568 2267 ἀρήϊον
591 2180 732 2268 ἡνίοχόν
754 2208 789 2250 τε

30 2290 142 2377 χαλκῶ
165 2286 311 2374 δηῶσειν
334 2287 389 2353 καί
412 2284 477 2353 άπδ
501 2284 603 2354 κλυτά
626 2286 742 2372 τεύχεα
765 2284 891 2354 δύσειν.

30 2388 117 2458 ἀλλά
141 2394 176 2458 οί
197 2389 370 2477 εὐχωλέων
395 2389 455 2458 οὐκ
479 2396 574 2459 έκλυε
600 2398 724 2477 Φοῖβος
743 2390 927 2459 Ἀπόλλων

31 2494 133 2576 αὐτὸς
155 2495 219 2582 γάρ
244 2500 279 2564 οί
299 2498 426 2582 ἐπῶρσε
449 2502 528 2582 βίην
546 2495 767 2583 Ἡρακληείην

29 2606 99 2667 πᾶν
123 2598 155 2667 δ’
180 2600 284 2678 άλσος
305 2602 360 2667 καί
383 2598 495 2686 βωμός
515 2599 724 2681 ’Λπόλλωνος
746 2610 947 2688 Παγασαίου
1005 2624 1041 2671 70

30 2708 160 2794 λάμπεν
182 2704 264 2774 ὑπαί
288 2709 415 2773 δεινοῖο
438 2711 524 2774 θεοῦ
548 2709 693 2794 τευχέων
715 2710 828 2775 τεκαὶ
851 2706 969 2775 αὐτού·

30 2817 98 2901 κύρ
122 2811 154 2879 δ’
180 2808 225 2890 ῶς
248 2809 437 2897 ὀφθαλμῶν
461 2810 677 2897 ἀπελάμπετο.
721 2818 771 2890 τίς
792 2838 851 2879 κεν
875 2814 990 2902 έκείνφ

31 2924 107 3003 έτλη
130 2914 258 3003 θνητός
280 2914 344 2983 ἐῶν
367 2922 584 2983 κατεναντίον
608 2915 802 3003 ὁρμηθῆναι

30 3020 119 3108 πλὴν
137 3020 322 3108 Ἡρακλῆος
345 3022 401 3087 καὶ
422 3025 611 3107 κυδαλίμου
631 3020 779 3100 Ἰολάου;

32 3133 168 3212 [κείνων
191 3124 254 3212 γάρ
278 3125 403 3213 μεγάλη
426 3152 461 3193 τε
484 3132 539 3212 βίη
563 3128 618 3193 καὶ
642 3140 748 3212 χεῖρες
770 3126 890 3193 άαπτοι
1007 3145 1044 3194 τᾶ

32 3234 65 3313 ἐξ
89 3228 189 3317 ῶμων
213 3233 381 3318 ἐπέφυκον
405 3232 457 3298 ἐπὶ
481 3237 669 3319 στιβαροῖσι
692 3235 869 3318 μέλεσσιν]

31 3335 69 3415 ὅς
92 3338 135 3423 ῥα
156 3334 227 3403 τόθ’
253 3334 393 3421 ἡνίοχον
415 3338 562 3423 προςέφη
586 3335 747 3422 κρατερὸν
767 3333 911 3402 Ἰόλαον·

113 3438 224 3527 Ἥρως
247 3432 274 3507 ῶ
295 3438 411 3524 Ἰόλαε,
434 3444 568 3525 βροτῶν
590 3441 677 3508 πολὺ
699 3446 834 3526 φίλτατε
857 3436 1007 3524 πάντων,
