2517 4050
220 229 263 292 48
636 234 805 285 ΗΣΙΟΔΟΤ

225 362 396 451 Τάρταρον
415 367 448 444 ἐς
469 363 641 453 κρυόενθ’.
682 369 721 432 αἱ
740 365 777 433 δὲ
796 364 921 452 φρένας
939 357 1006 432 εὖτ’
1028 363 1107 446 ἀρέ-
1194 386 1241 434 255

857 491 959 539 σαυτο

221 577 357 661 αἵματος
379 573 585 662 ἀνδρομέου,
608 573 669 644 τόν
693 575 754 662 μέν
778 579 959 663 ῥίπτασκον
983 573 1134 662 ὀπίσσω,

221 676 268 760 ἀφ
293 678 323 746 δ’
352 679 482 766 ὅμαδον
504 683 559 748 καὶ
583 685 697 768 μῶλον
721 682 865 749 ἐθύνεον
889 673 982 760 αὖτις
1005 685 1132 749 ἰοῦσαι.

222 784 370 867 [Κλωθῶ
384 789 438 854 καὶ
454 786 596 872 Λάχεσίς
610 805 692 871 σφιν
707 788 907 872 ἐφέστασαν
929 813 950 872 η
939 783 1060 872 μέν
1042 785 1251 877 υφήσσων

211 889 374 977 ’Ἀτροπος
397 890 470 960 ούτι
492 893 592 957 πέλεν
616 890 741 977 μεγάλη
764 891 862 975 θεός,
886 888 959 958 ἀλλ’
984 888 1050 974 ἀρα
1072 890 1137 976 ήγε

220 1001 288 1064 τῶν
302 1023 339 1082 γε
353 1023 414 1082 μεν
428 995 561 1063 ἀλλάων
576 1021 747 1083 προφερής
760 1024 779 1065 τ
807 989 850 1082 ήν
863 995 1072 1082 πρεσβυτάτη
1086 1004 1148 1082 τε]
1187 991 1251 1074 κοιλ

220 1099 423 1168 πάσαιὸ”
403 1100 487 1188 ἀμφ’
514 1101 565 1168 ἕνι
560 1103 674 1187 φωτὶ
697 1101 806 1188 μάχην
831 1105 985 1188 δριμεῖαν
1009 1108 1142 1170 ἔθεντο.
1249 1075 1251 1207 J

221 1203 317 1273 ὑεινά
341 1204 371 1272 δ’
399 1207 432 1285 ἐς
453 1204 598 1291 ἀλλήλας
621 1206 748 1293 δράκον
771 1206 897 1292 ὄμμασι
919 1205 1135 1293 θυμήνασαι,

221 1312 259 1378 έν
283 1310 314 1378 δ’
341 1310 464 1399 ὄνυχας
486 1310 597 1398 χεῖράς
618 1338 654 1379 τε
676 1319 839 1398 θρασείας
862 1311 1036 1380 ἱσῶσαντο.

221 1415 287 1502 πάρ
311 1415 343 1483 δ’
365 1415 480 1502 Ἀχλὺς
502 1418 643 1503 εἱστήκει
667 1417 869 1504 ἐπισμυγερή
891 1420 1005 1486 τεκαὶ
1028 1417 1125 1506 αἱνή,

222 1521 347 1607 χλωρή,
370 1520 550 1608 ἀύσταλέη,
573 1527 657 1612 λιμῶ
680 1537 941 1609 καταπεπτηυῖα,
1182 1547 1232 1596 265

221 1625 446 1714 γουνοπαχής,
469 1628 589 1712 μακροὶ
613 1625 692 1693 δ”’
672 1653 790 1714 ονυχες
813 1634 978 1714 χείρεσσιν
1000 1626 1147 1714 ὑπῆσαν.

221 1736 292 1862 τής
302 1733 337 1798 ἐκ
360 1731 420 1818 μέν
443 1734 548 1819 ῥινῶν
572 1733 671 1818 μύξαι
695 1734 788 1819 ῥέον,
811 1735 847 1799 ἐκ
870 1733 907 1800 δὲ
929 1739 1076 1819 παρειῶν

222 1831 292 1922 αἷμ’
317 1835 543 1922 ἀπελείβετ’”
525 1835 627 1923 εραζ’·
650 1834 671 1923 ή
697 1836 728 1903 δ’
754 1829 902 1923 ἀπλήτον
926 1852 1086 1922 σεσαρυῖα

222 1941 377 2028 εἱστήκει,
401 1940 505 2027 πολλή
530 1941 628 2008 δὲ’
589 1967 683 2020 κονις
704 1943 980 2029 κατενήνοθεν”
955 1970 1082 2030 ωμους,

222 2048 530 2135 ἀάκρυσιμυδαλέη.
548 2046 719 2134 παράὑ”
691 2048 961 2133 εύπυργοςπόλις
978 2047 1131 2132 ἀνδρῶν·
1179 2071 1230 2119 270

221 2154 371 2241 χρύσειαι
396 2156 436 2223 δέ
456 2181 514 2240 μιν
538 2152 630 2239 εἶχον
652 2151 873 2241 ὑπερθυρίοις
895 2153 1055 2242 ἀραρυῖαι

222 2255 301 2325 έπτά
323 2257 440 2325 πύλαι·
463 2258 516 2325 τοὶ
540 2255 571 2322 θ’
597 2255 719 2343 ἀνδρες
742 2258 779 2323 ἐν
801 2256 953 2342 ἀγλαΐαις
974 2284 1009 2325 τε
1031 2272 1147 2345 χοροῖς
1167 2287 1205 2327 τε

220 2364 338 2448 τέρψιν
363 2368 451 2448 έχον·
474 2362 527 2429 τοὶ
550 2360 611 2446 μὲν
634 2360 697 2447 γάρ
722 2361 912 2448 ε’ύσσῶτρου
936 2360 985 2430 ἐπ’
1010 2361 1141 2450 ἀπήνης

221 2464 335 2551 ἤγοντ’
360 2464 461 2554 ἀνδρὶ
484 2479 642 2551 γυναῖκα,
665 2467 770 2545 πολὺς
793 2466 824 2533 θ’
849 2467 1008 2555 ὑμέναιος
1031 2468 1165 2556 όρῶρει·

220 2573 298 2654 τήλε
322 2567 353 2635 δ’
379 2567 434 2636 ἀπ’
461 2573 655 2655 αἰθομένων
679 2575 807 2640 δαΐδων
830 2575 927 2652 σέλας
949 2573 1103 2660 εἰλύφαζε
1175 2596 1228 2642 275

221 2675 335 2761 χερσὶν
359 2679 409 2741 ένι
432 2677 647 2761 όμωῶν··ταὶ
671 2676 702 2743 δ’
727 2676 847 2766 ἀγλαΐῃ
869 2687 1044 2747 τεθαλυῖαι

221 2778 345 2865 πρόσθ’
372 2786 475 2848 ἔκιον·
498 2786 594 2869 τήσιν
619 2782 657 2850 δὲ
679 2784 774 2869 χοροὶ
796 2790 965 2865 παίζοντες
989 2787 1116 2855 ἕποντο.

221 2886 273 2952 τοὶ
296 2883 397 2970 μέν’
380 2885 445 2953 υπὸ
469 2892 617 2973 λιγυρῶν
642 2895 811 2974 συρίγγων
834 2893 928 2957 ἱεσαν
951 2887 1077 2975 αύὺήν,

222 2991 270 3072 [ἐξ
292 2986 429 3057 ἁπαλῶν
453 2993 642 3078 στομάτων,
665 2994 740 3081 περὶ
764 2995 804 3060 δέ
825 3014 942 3121 σφισιν
965 2993 1092 3079 ἀγνυτο
1114 2995 1251 3118 ήχῶ]

222 3092 311 3161 αἱὸ’
336 3092 401 3162 ὑπὸ
425 3103 621 3182 φορμίγγων
644 3098 772 3183 άναγον
795 3098 896 3185 χορὸν
921 3101 1103 3189 ἱμερόεντα.
1176 3081 1251 3196 28ολ

222 3198 382 3267 ἐνθενά’
408 3193 489 3268 αὖθ’
516 3203 659 3288 ἑτέρωθε
681 3206 753 3271 νέοι
775 3203 965 3289 κώμαζον*
948 3205 1004 3273 υπ’
1030 3206 1152 3291 αύλοὺ,
1250 3237 1251 3246 ’

220 3311 332 3391 τοίγε
355 3300 481 3393 μὲνάυ
505 3308 713 3389 παίζοντες’
696 3307 752 3377 ὑπ’
778 3307 938 3400 ὀρχηθμῷ
961 3312 1016 3378 καὶ
1039 3311 1155 3400 ἀοιδή,

220 3416 276 3477 τοί
294 3436 331 3498 γε
355 3438 415 3498 μεν
439 3403 482 3478 αὑ
504 3411 723 3497 γελόωντες’
707 3410 763 3479 υπ’
789 3411 993 3501 αὑλητήρι”
973 3436 1108 3494 εκαστος
