2517 4050
419 879 596 977 EPFA
622 879 746 976 KAI
772 879 1054 978 HMEPAI.

209 1211 361 1294 [Μοῦσαι
384 1213 585 1295 Πιερίηθεν,
608 1206 742 1296 ἀοιδῇσι
764 1213 950 1293 κλείουσαι,

208 1318 319 1402 δεῦτε,
343 1313 400 1383 Δί
426 1315 593 1398 ἐννέπετε,
617 1315 778 1400 σφέτερον
805 1312 916 1400 πατέρ’
941 1311 1154 1400 ὑμνείουσαι·

208 1419 285 1489 ὅντε
308 1419 364 1489 διδι
386 1421 502 1509 βροτοὶ
525 1418 647 1504 ἄνδρες
670 1415 759 1505 ὁμῶς
780 1417 908 1504 ἄφατοί
925 1444 961 1487 τε
984 1424 1089 1505 φατοί
1106 1444 1153 1502 τε,

208 1527 308 1614 βητοί
325 1524 354 1593 τ’
380 1524 521 1611 άρρητοί
539 1551 574 1592 τε
598 1521 684 1602 Διὸς
705 1522 863 1610 μεγάλοιο
887 1526 984 1610 ἕκητι.

208 1632 268 1719 βέα
291 1629 352 1717 μὲν
375 1626 437 1715 γὰρ
460 1628 585 1714 βριάει,
609 1631 669 1716 ῥέα
692 1628 730 1696 δὲ
752 1627 914 1715 βριάοντα
936 1631 1102 1716 χαλέπτει,

208 1739 282 1824 βεία
306 1733 339 1801 δ’
365 1731 520 1819 άρίξηλον
545 1732 683 1820 μινύθει
705 1735 760 1801 καὶ
783 1733 914 1819 άδηλον
936 1731 1037 1820 άέξει,

209 1845 282 1928 βεία
305 1840 345 1908 δέ
364 1837 393 1908 τ’
420 1837 533 1908 ίθὺνει
556 1838 693 1907 σκολιὸν
715 1841 770 1907 καὶ
793 1837 944 1927 άγη’νορα
965 1838 1086 1927 κάρφει

210 1945 294 2028 Ζεὺς
316 1943 550 2033 ὑψιβρεμέτης,
574 1941 612 2025 δς
634 1942 799 2034 ὑπέρτατα
823 1943 958 2032 δείματα
980 1951 1075 2013 ναίει.

208 2056 311 2121 κλῦθι
335 2049 418 2120 ίδάν
443 2049 526 2119 άίων
549 2078 599 2136 τε,
625 2054 700 2139 δίκη
724 2050 756 2118 δ’
783 2060 882 2119 ἴθυνε
903 2052 1064 2137 θέμιστας

208 2158 306 2245 τὺνη·
330 2155 393 2244 ἐγοδ
418 2160 458 2227 δέ
477 2184 529 2243 κε,
553 2158 687 2244 Πέρση,
711 2156 854 2243 ἐτήτυμα
876 2162 1116 2245 μυθησαίμην]
1170 2174 1194 2223 10

299 2366 369 2436 Οὐκ
382 2366 448 2455 άρα
462 2371 590 2454 μοῦνον
606 2372 664 2452 έην
681 2363 824 2453 Ἐρίδων
838 2368 946 2453 γένος,
959 2366 1031 2435 ἀλλ’
1049 2370 1097 2437 ἐπὶ
1110 2382 1193 2455 γαῖαν

209 2475 274 2544 είσὶ
298 2471 382 2540 δύω·
405 2470 466 2557 τὴν
491 2474 551 2558 μέν
575 2497 634 2538 κεν
656 2472 860 2539 ἐπαινέσσειε
882 2472 1021 2558 νοήσας,

209 2578 230 2666 ἡ
256 2576 289 2645 δ’
316 2575 523 2663 ἐπιμωμητή·
547 2574 603 2643 διά
627 2573 659 2643 δ’
684 2574 805 2663 άνδιχα
827 2575 942 2663 θυμὸν
965 2582 1105 2663 ἔχουσιν.

208 2681 229 2771 ἡ
253 2682 315 2770 μέν
338 2681 401 2771 γδιρ
424 2680 571 2769 πόλεμόν
593 2708 629 2749 τε
651 2680 754 2749 κακδν
777 2682 833 2748 καὶ
856 2685 955 2769 δῆριν
979 2680 1119 2769 ὀφέλλει,

209 2792 352 2876 σχετλίη·
377 2786 469 2867 οὑτις
485 2785 547 2873 τήν
566 2812 604 2873 γε
622 2794 716 2873 φιλεῖ
730 2784 862 2874 βροτός,
886 2784 959 2854 ἀλλ’
980 2784 1039 2854 ὑπ’
1059 2787 1148 2874 άνάγ-

844 2918 903 2977 κης
1165 2909 1189 2960 15

208 2996 391 3067 άθανάτων
414 3000 577 3085 βουλῇσιν
600 2994 700 3077 Ἔριν
722 2999 843 3073 τιμῶσι
865 3002 1014 3083 βαρεῖαν.

209 3102 270 3189 τὴν
295 3100 326 3170 δ’
353 3102 468 3189 έτέρην
491 3102 656 3188 προτέρην
679 3100 740 3187 μὲν
764 3102 912 3185 ἐγείνατο
935 3100 1010 3182 Νὺξ
1033 3102 1181 3189 ἐρεβεννή,

208 3212 294 3295 θῆκε
318 3208 357 3274 δέ
378 3233 435 3292 μιν
459 3209 631 3292 Κρονίδης
653 3202 826 3291 ὑψίζυγος,
850 3207 963 3293 αίθέρι
985 3212 1099 3294 ναίων,
1132 3233 1136 3247 ’

209 3318 306 3400 γαίης
327 3310 356 3380 τ’
383 3312 419 3378 έν
443 3313 549 3399 ῥίζῃσι
572 3312 627 3379 καί
650 3310 793 3397 άνδράσι
815 3310 940 3379 πολλὸν
964 3310 1095 3399 άμείνυ·

208 3416 266 3503 ἥτε
289 3417 344 3484 καὶ
367 3414 543 3503 ἀπάλαμόν
566 3440 626 3503 περ
652 3414 740 3503 δμῶς
763 3416 815 3483 ἐπὶ
838 3421 938 3502 έργον
962 3419 1083 3502 ἐγείρει.
1161 3435 1186 3484 ιο
