2517 4050
350 239 465 289 ΔΣΠΙΣ
482 239 721 291 ΗΡΑΚΛΒΟΤΣ.
993 239 1034 302 4Ῑ

29 370 188 456 χρύσειοι·
213 369 307 457 δεινῆ
331 371 369 439 δὲ
391 374 465 459 περὶ
487 373 709 460 κροτάφοισιν
730 371 873 452 ἀνακτος

30 475 103 543 κεῖτ’
119 475 237 556 ”Amos
259 478 361 562 κυνέη
384 475 504 556 νυκτὸς
528 477 630 565 ζόφον
654 477 753 547 αίνδν
776 484 906 564 έχουσα.

31 685 125 765 αὐτὸς
148 687 187 755 δὲ
211 686 390 756 σπεύδοντι
413 688 468 754 καὶ
492 690 659 776 ἐρρίγοντι
683 686 797 767 ἐοικώς

32 790 177 878 Περσεῦς
200 796 374 877 Δαναΐδης
397 794 584 861 ἐτιταίνετο.
629 795 683 861 ταλ
707 793 744 861 δέ
767 792 836 880 μετ’
861 792 963 862 αὐτὸν

31 897 193 983 Γοργόνες
215 895 358 982 ἀπλητοί
376 922 412 965 τε
433 898 489 964 καὶ
513 896 554 965 οῦ
577 899 679 984 φαταὶ
702 896 885 983 ἐρρώοντο,
981 919 1033 968 230

32 1003 152 1087 ίέμεναι
175 1003 323 1090 μαπέειν.
370 1002 422 1068 ἐπὶ
445 1001 483 1069 δέ
506 1006 637 1090 χλωροῦ
659 1000 850 1088 ἀδάμαντος

30 1109 236 1192 βαινουσέων
260 1105 389 1192 ἰάχεσκε
413 1105 513 1185 σάκος
535 1106 667 1197 μεγάλφ
691 1105 870 1198 ὀρυμαγδῷ

32 1210 102 1293 ὀξέα
123 1213 179 1280 καὶ
202 1213 333 1296 λιγέως·
357 1213 411 1280 ἐπὶ
434 1211 471 1278 δὲ
496 1210 617 1299 ζώνησι
641 1210 803 1298 δράκοντε

33 1315 108 1384 δοιώ
131 1315 339 1405 ἀπῃωρεῦντ’
367 1317 609 1405 ἐπικυρτώοντε
631 1317 769 1403 κάρηνα.

30 1426 181 1508 λίχμαζον
197 1420 227 1488 δ’
245 1420 310 1507 ἀρα
323 1421 421 1508 τώγε·
435 1423 527 1510 μένει
543 1420 573 1489 δ’
592 1421 777 1510 ἐχάρασσον
793 1420 936 1502 ὀδόντας
980 1443 1031 1492 236

30 1525 126 1613 ἀγρια
150 1528 350 1614 δερκομένω.
396 1528 448 1595 ἐπὶ
472 1526 509 1594 δὲ
533 1531 676 1595 δεινοῖσι
698 1527 858 1615 καρήνοις
1014 1602 1019 1610 ‚

31 1637 197 1718 Γοργείοις
220 1634 367 1700 ἐδονεῖτο
390 1635 490 1719 μέγας
513 1630 632 1718 φόβος·
657 1637 692 1701 οί
713 1633 743 1700 δ’
773 1632 858 1723 ῦπέρ
881 1633 1007 1704 αὐτέων

30 1734 147 1823 ἀνδρες
170 1735 388 1824 ἐμαρνάσθην
411 1737 573 1824 πολεμήϊα
595 1736 701 1824 τεύχε’
727 1744 871 1824 ἔχοντες,

30 1842 78 1908 τοὶ
99 1841 160 1928 μὲν
183 1839 266 1930 ὑπὲρ
290 1842 450 1928 σφετέρης
472 1841 588 1921 πόλιος
611 1845 783 1931 σφετέρων
804 1869 839 1910 τε
861 1843 991 1929 τοκήων

30 1947 141 2035 λοιγὸν
163 1946 362 2035 ἀμύνοντες,
384 1948 436 2015 τοί
460 1947 497 2015 δέ
519 1951 682 2035 πραθέειν
705 1953 882 2036 μεμαώτες.
980 1968 1032 2017 240

29 2056 142 2122 πολλοὶ
165 2053 226 2140 μὲν
248 2055 360 2137 κέατο,
384 2054 519 2132 πλέονες
543 2052 576 2119 δ’
604 2059 651 2121 έτι
675 2056 775 2139 δῆριν
799 2060 927 2141 ἔχοντες

30 2157 209 2246 μάρνανθ’·
233 2162 272 2226 αί
291 2157 329 2225 δὲ
351 2172 506 2243 γυναῖκες
529 2157 704 2244 ἐϋδμήτων
728 2158 780 2226 ἐπὶ
803 2157 956 2244 πύργων,

31 2265 187 2349 χαλκέων,
211 2261 270 2345 ὀξῦ
292 2263 401 2349 βόων,
424 2262 505 2331 κατὰ
530 2262 561 2329 δ’
588 2261 792 2350 ἐδρύπτοντο
815 2263 965 2351 παρειάς,

32 2372 147 2455 ζωῇσιν
170 2376 289 2455 ίκελαι,
313 2374 392 2455 ἔργα
414 2372 536 2435 κλυτοῦ
556 2366 762 2451 Ἡφαίστοιο.
972 2442 976 2450 ,

31 2470 147 2560 ἀνδρες
169 2473 216 2558 δ’,
239 2479 275 2541 οδ
293 2476 456 2559 πρεσβῆες
479 2478 560 2539 ἔσαν
583 2472 688 2560 γῆράς
708 2499 744 2541 τε
766 2473 952 2563 μέμαρπον,
979 2494 1031 2543 245

31 2575 148 2664 ἀθρόοι
172 2585 332 2646 ἔκτοσθεν
354 2580 487 2645 πυλέων
512 2584 606 2663 ἐσαν,
630 2574 673 2645 ἀν
698 2578 736 2646 δὲ
757 2588 869 2647 θεοῖσι

31 2697 136 2770 χεῖρας
158 2688 235 2769 έχον
257 2682 454 2770 μακάρεσσι,
478 2684 553 2770 περὶ
577 2685 766 2771 σφετέροισι
788 2686 915 2752 τέκεσσι

32 2789 197 2869 δειδιότες·
220 2790 272 2858 τοί
292 2787 324 2855 δ’
346 2781 424 2856 αῦτε
443 2788 552 2875 μάχην
571 2794 662 2875 ἔχον·
686 2793 724 2856 αί
739 2789 776 2856 δὲ
795 2788 864 2876 μετ’
890 2788 1012 2869 αὐτοῦς

32 2898 134 2981 Κῆρες
155 2893 312 2978 κυάνεαι,
334 2890 473 2971 λευκοὺς
495 2890 678 2978 ἀραβεῦσαι
701 2891 860 2979 ὀδόντας,

32 3000 184 3067 δεινωπολ
205 3003 371 3084 βλοσυροί
389 3023 437 3082 τε,
461 3000 622 3083 δαφοινοί
641 2995 671 3065 τ’
696 2996 841 3083 ἀπλητοί
859 3025 893 3068 τε
979 3018 1031 3066 250

34 3204 106 3297 αἷμα
127 3214 230 3300 μέλαν
253 3213 373 3279 πιέειν·
397 3206 438 3276 δν
461 3207 499 3275 δὲ
520 3206 655 3291 πρώτόν
677 3233 716 3293 γε
737 3207 902 3295 μεμάρποι

33 3322 177 3403 κείμενον
199 3314 221 3404 ή
244 3322 406 3385 πίπτοντα
429 3311 623 3398 νεούτατον,
645 3311 732 3401 ἀμφὶ
754 3312 815 3400 μέν
838 3311 927 3404 αύτῷ

33 3419 118 3501 βάλλ’
144 3421 268 3509 ὄνυχας
290 3421 469 3509 μεγάλους,
492 3415 580 3505 φνχῆ
604 3415 637 3483 δ’
660 3416 808 3497 Ἀλδόςδε
829 3422 950 3507 κατῆεν
